1845 3076
129 178 188 208 220
771 184 796 206 P.
818 184 843 206 P.
866 184 1016 207 11111οΕ310

208 269 266 309 Eja
287 268 394 308 igitur,
417 268 464 298 vir
485 267 671 305 doctissime,
694 267 750 298 1100
771 267 874 307 ipsum
890 268 898 284 ²
920 277 1007 307 opuS,
1029 271 1060 299 et
1081 268 1230 300 Manuele
1258 272 1290 300 et
1317 273 1349 300 te
1371 270 1511 310 dignum,
1538 280 1599 310 quo
1625 272 1656 301 te

127 326 248 367 pariter
262 328 359 365 atque
372 324 462 356 illum
474 325 485 341 ‘³
501 334 641 361 exornes,
657 324 837 364 aggredere.
857 324 1015 364 Perpetuo
1037 335 1174 365 namque
1190 325 1250 356 PP.
1266 326 1435 367 Vergerius
1448 327 1482 357 in
1496 327 1654 364 Manuele‚

126 386 158 414 et
173 392 288 422 magna
303 382 430 422 quidem
446 391 518 412 cum
532 381 726 417 amoenitate,
741 381 936 413 lectitabere.
953 381 1013 413 Sed
1030 382 1107 422 quid
1122 383 1197 423 ago.2
1208 383 1218 400 ³
1241 383 1427 415 Currentem
1447 383 1552 415 incito.
1575 383 1656 415 Novi

126 440 210 471 enim
231 439 459 480 gratitudinem
481 439 579 469 animi
600 439 648 469 tui
664 441 695 469 et
716 448 791 478 erga
807 438 989 470 Manuelem
1010 439 1263 471 benivolentiam.
1286 440 1430 477 Proinde,
1453 451 1492 472 ne
1513 443 1577 472 tuae
1599 442 1657 472 vir-

127 497 190 528 tuti
218 506 332 537 parum
353 496 451 527 fidere
472 496 590 533 videar,
622 496 717 527 finem
739 496 878 536 epistolae
900 496 1021 527 faciam.
1055 496 1103 528 Tu
1124 507 1197 528 vero
1219 507 1278 534 me,
1306 501 1341 528 ut
1362 498 1448 535 facis,
1480 498 1655 537 plurimum

129 564 215 594 ama„
237 556 269 585 et
289 554 322 584 in
344 563 406 585 aere
429 556 483 584 tuo
505 556 688 593 computato
699 554 718 584 ⁴.
742 553 830 585 Vale.
847 555 857 571 ⁵

834 721 950 753 CXLV.

490 794 796 827 FRANCISCUS
829 795 890 826 DE
921 795 1293 827 ZAMBECCARIIS

614 870 746 902 PETRO
769 870 903 902 PAULO
933 870 1140 902 VERGERIO
1157 871 1166 887 5

858 955 879 973 S.
900 947 924 973 d.

755 1016 841 1051 (Coa.
867 1016 1001 1051 Gravise')
1014 1018 1032 1045 Τ.

206 1086 266 1117 Vix
288 1096 326 1117 ex
348 1096 454 1117 amore
476 1096 552 1126 erga
572 1089 604 1117 te
625 1096 694 1117 meo
715 1086 930 1126 conjecturam
952 1086 1078 1123 faciens,
1113 1088 1309 1127 quantopere
1338 1096 1387 1117 me
1416 1097 1522 1118 amare
1544 1087 1651 1127 possis,

123 1143 245 1175 confido
266 1144 351 1184 apud
373 1147 404 1174 te
426 1153 513 1183 posse
536 1153 586 1174 me
609 1146 736 1174 tanturn
758 1146 915 1183 quantum
938 1143 1039 1174 velim.
1064 1143 1141 1175 Volo
1163 1146 1271 1175 autem
1286 1144 1505 1174 honestissima
1526 1144 1651 1176 dumta-

122 1204 186 1232 xat.
209 1201 329 1232 Adiuro
350 1204 391 1237 te,
421 1200 539 1231 nedum
560 1211 624 1237 oro,
652 1210 709 1240 per
731 1210 800 1231 eam
821 1200 1003 1237 amicitiam,
1033 1210 1102 1240 quae
1126 1203 1297 1240 utrumque
1318 1200 1412 1231 alteri
1433 1200 1584 1237 devinxit,
1618 1204 1654 1232 ut

124 1258 211 1290 Petri
222 1258 353 1289 Antonii
365 1258 463 1289 nostri
477 1258 634 1289 voluntati
647 1268 848 1298 nequaquam
862 1268 1028 1298 repugnes.
1044 1257 1164 1298 Dignus
1180 1258 1294 1288 etenim
1308 1261 1354 1288 est
1366 1258 1416 1289 0111
1428 1268 1499 1289 cum
1512 1259 1648 1289 maximo

124 1316 319 1346 incommodo
331 1333 341 1338 -
353 1315 469 1346 nedum
484 1315 645 1346 commodo
659 1333 669 1337 —
681 1315 737 1346 abs
752 1318 783 1346 te
799 1315 942 1355 quamvis
954 1315 1119 1346 minimum
1132 1315 1254 1355 aliquid
1266 1314 1436 1346 tribuatur.
1451 1315 1490 1346 Et
1504 1315 1579 1355 quia
1587 1316 1655 1356 jam

123 1373 324 1413 equitaturus
344 1383 407 1404 non
422 1383 547 1412 possum
569 1372 762 1412 longioribus
778 1373 834 1409 1111,
856 1372 983 1403 obsecro
1003 1375 1045 1409 te,
1068 1375 1102 1403 ut
1124 1372 1198 1403 huic
1218 1382 1294 1403 nieae
1309 1372 1465 1403 voluntati
1487 1372 1536 1403 vel
1552 1372 1649 1403 saluti

122 1431 227 1470 potius
250 1430 362 1461 faveas
387 1429 508 1470 Quippe
525 1430 609 1470 quod
624 1431 707 1461 0111111
730 1432 842 1461 contra
857 1430 988 1461 Petrum
1009 1430 1183 1460 Antonium
1198 1440 1303 1461 meum
1321 1430 1361 1461 sit
1383 1433 1494 1461 contra
1509 1441 1558 1462 me
1581 1430 1653 1462 fieri

122 1487 302 1519 existimare
323 1490 354 1518 01
374 1487 457 1518 soleo
481 1490 513 1518 et
535 1487 642 1518 debeo.
664 1488 770 1527 Atque
798 1490 834 1518 ut
855 1487 1024 1527 intelligas.
1047 1490 1243 1527 quantopere
1266 1487 1323 1518 hoc
1346 1487 1402 1518 abs
1417 1490 1449 1518 te
1463 1488 1652 1519 contendam

123 1545 149 1575 si
173 1545 231 1576 1100
256 1544 376 1581 seceris,
399 1555 449 1576 me
478 1545 537 1575 tibi
558 1547 711 1584 perpetuo
737 1544 924 1580 devinxeris,
946 1562 985 1567 —
1005 1544 1052 1574 sin
1077 1544 1189 1580 minus,
1213 1545 1259 1575 ita
1287 1554 1334 1575 me
1356 1544 1485 1575 laeseris
1518 1548 1554 1576 ut
1582 1545 1654 1576 laedi

127 1603 228 1643 magis
249 1602 290 1634 ab
312 1602 524 1633 inimicissimo
555 1612 618 1633 non
645 1602 768 1641 possim.
792 1602 872 1633 Vale
892 1602 998 1642 igitur,
1021 1604 1062 1638 et,
1094 1605 1130 1632 ut
1155 1601 1288 1638 valeam,
1310 1601 1394 1641 quod
1416 1605 1490 1642 peto
1512 1612 1569 1642 pro
1598 1605 1655 1634 tua

126 1659 280 1700 singulari
300 1659 500 1690 humanitate
522 1659 664 1691 concede.
688 1659 808 1690 lterum
831 1659 908 1690 vale.

827 1826 959 1858 CXLVI.

532 1900 864 1933 GASPARENUS
899 1901 1254 1934 PERGAMENSIS

368 1968 598 2000 FRANCISCO
621 1967 874 1999 ZABARELLAE
899 1968 1130 1999 CARDINALI
1151 1968 1414 2000 FLORENTINO

642 2042 771 2071 PATAvn,
795 2042 833 2065 vx.
857 2042 925 2065 inus
947 2042 1015 2065 AUG.
1041 2035 1126 2065 1414.

303 2102 369 2138 (Br.
383 2112 415 2138 J).
435 2102 495 2135 2&
517 2117 549 2121 -
565 2101 637 2129 PM.
657 2109 678 2129 c.
699 2101 757 2128 92:
779 2117 811 2120 —
826 2101 889 2128 PP.
911 2110 938 2128 η.
959 2102 1005 2129 99.
1021 2117 1053 2120 -
1070 2100 1123 2129 Sta.
1134 2110 1212 2136 pure
1231 2101 1291 2129 alla
1311 2101 1472 2130 M'arciana

592 2154 640 2182 ozel
658 2154 718 2182 cod.
738 2154 778 2181 21
799 2153 873 2182 della
895 2153 945 2181 XI
962 2154 996 2182 cl.
1018 2154 1034 2181 I.
1055 2162 1072 2181 a
1091 2163 1113 2182 c.
1134 2154 1195 2187 33).

206 2235 273 2266 Etsi
295 2234 375 2265 nihil
397 2233 474 2264 mihi
495 2233 592 2273 possit
615 2232 808 2273 exploratius
830 2242 904 2270 esse,
933 2233 1192 2264 reverendissime
1220 2236 1321 2272 pater,
1353 2243 1450 2273 quam
1472 2235 1530 2265 tua
1550 2233 1584 2264 in
1606 2243 1656 2265 me

124 2295 281 2333 perpetua
311 2291 525 2323 benivolentia
553 2300 590 2321 ac
621 2299 779 2322 summum
805 2290 956 2327 studium,
982 2292 1091 2321 tamen
1116 2290 1301 2322 incredibile
1331 2293 1377 2322 051
1398 2300 1495 2331 quam
1509 2290 1520 2307 ⁸
1541 2300 1655 2322 novam

132 2388 138 2402 ¹
161 2386 244 2413 Bern.
264 2384 359 2419 ipsum
377 2383 447 2419 quia
465 2384 493 2410 et
908 2384 919 2401 ⁶
943 2382 1114 2411 Clarissimo
1149 2391 1182 2411 ac
1212 2383 1445 2418 eloquem‘t‘ssimo
1474 2384 1537 2411 viro
1568 2383 1657 2412 Petro

133 2431 145 2447 2
164 2429 246 2457 Bern.
266 2436 323 2463 quo
343 2429 368 2456 te
387 2429 474 2462 atque
493 2426 579 2455 illum
958 2427 1055 2455 Paulo
1083 2427 1220 2462 Veryerio
1241 2429 1381 2462 tanquam
1400 2427 1481 2462 patri
1501 2427 1607 2462 optimo

132 2475 143 2491 ³
162 2474 244 2501 Bern.
262 2472 312 2501 sed
330 2471 401 2507 quid
418 2480 469 2507 eqo
488 2472 652 2499 currentem
671 2471 784 2499 incito?
916 2473 926 2489 ⁷
947 2471 1128 2499 Comunicata
1145 2471 1172 2499 al
1187 2471 1281 2499 Combi
1294 2471 1457 2500 dall'esimio
1484 2472 1552 2500 (1011.
1566 2471 1658 2500 Anteo

131 2519 141 2536 ⁴
161 2518 202 2546 In
221 2525 278 2546 cere
298 2518 345 2544 tuo
364 2523 438 2544 come
458 2523 521 2544 cosa
541 2518 597 2544 tua.
957 2515 1000 2542 dei
1022 2515 1162 2543 Mai-chesi
1176 2514 1500 2544 Gravisi-Barbabianca
1521 2516 1550 2544 di
1573 2516 1658 2551 Capo-

129 2564 140 2581 ⁵
159 2562 186 2591 S.
205 2563 279 2597 Aug.
299 2561 456 2597 Ionyoevus.
960 2559 1059 2587 distria

921 2604 931 2621 ⁸
952 2603 1006 2631 PP.
1025 2603 1104 2638 quod
