1845 3076
759 190 896 214 nmsrom
1541 184 1574 215 9!

759 366 896 397 LXXIV.

296 458 553 490 NICOLAOl
585 459 649 489 DE
681 458 990 491 LEONARDIS
1022 458 1242 491 PHISICO
1270 460 1299 492 S.
1327 460 1364 491 D.

573 541 702 571 ninum,
723 542 745 564 11
766 541 834 564 mos
854 542 978 570 Arruns,
1002 533 1088 565 1402.

78 608 179 646 (ΒΚΖ).
189 609 228 637 24.
238 618 248 643 ‚⁴
259 624 290 629 —
306 608 381 637 G.76
392 625 425 630 —
439 608 506 638 Cocl.
516 608 610 637 Mare.
619 617 648 636 oz.
658 609 720 636 287
733 608 807 637 della
818 608 908 644 XIV,
919 608 953 636 el.
965 609 991 637 l..
1003 617 1025 636 c.
1036 609 1113 643 210;
1125 625 1157 629 —
1169 609 1242 637 PM.
1254 618 1276 638 0.
1289 610 1329 638 89
1340 619 1349 643 ;
1362 627 1392 631 -
1405 611 1467 639 ΡΡ.
1481 619 1510 639 η.
1524 611 1583 646 75.)

155 679 258 710 Multa
272 689 310 710 ex
325 679 457 719 epistola
469 681 525 710 tua
545 678 656 719 collegi
671 679 690 715 ²,
711 678 812 709 frater
831 678 948 718 optime
959 679 980 715 ³,
1001 688 1093 718 quae,
1115 679 1142 709 si
1155 679 1328 719 quidquam
1348 690 1583 720 praesumerem

76 746 222 776 magnam
242 735 279 767 de
292 745 342 766 me
362 735 439 767 mihi
451 735 547 767 fidem
568 736 717 773 facerent,
740 737 835 775 atque
850 744 936 774 spem
956 735 1183 775 amplissimam
1205 736 1439 776 pollicerentur.
1460 737 1583 770 Literas

75 794 157 825 enim
170 803 267 831 meas,
287 803 365 833 quas
380 796 455 824 ante
475 793 575 833 pridie
591 793 599 810 ⁴
620 793 661 824 ad
681 795 713 824 te
727 794 738 811 ⁵
758 793 916 832 dederam,
938 796 970 825 et
990 796 1044 825 tuo
1059 796 1092 825 ct
1112 794 1260 832 omnium,
1282 795 1337 835 qui
1353 805 1406 827 eas
1428 795 1583 835 legerunt,

71 851 189 892 judicio
202 861 321 882 summe
336 851 457 890 probas.
474 850 613 889 Quarum
629 851 786 891 gravitate
801 854 837 882 ut
850 851 973 888 asseris,
992 852 1206 891 unusquisque
1222 852 1355 883 miratur
1366 853 1386 889 ⁰,
1407 853 1561 892 quomodo
1572 853 1583 869 ⁷

73 910 139 940 tam
156 908 280 949 juvenis
300 908 390 939 annis
410 907 519 939 taliter
538 908 655 939 sentire
677 908 791 948 possit;
813 908 1031 948 Ciceronisque
1045 908 1055 924 ⁸
1076 918 1124 940 me
1146 909 1235 948 sequi
1255 909 1372 946 stilum,
1392 919 1454 940 non
1475 910 1583 941 adula-

74 966 169 1003 tione,
191 965 246 997 sed
266 967 353 996 recta
381 965 477 996 animi
497 965 628 1003 ratione,
656 967 824 996 testantur.
852 965 938 997 Haec
958 966 1096 1006 quidem,
1124 968 1160 997 ut
1181 976 1289 997 verum
1308 966 1430 1006 loquar,
1457 967 1584 998 minime

76 1023 115 1054 de
136 1033 186 1054 me
206 1033 380 1063 praesumo,
409 1023 464 1063 qui
484 1023 553 1060 mei,
576 1022 635 1053 nisi
655 1022 724 1053 falli
751 1022 883 1054 dilecter
897 1023 917 1060 ⁹,
944 1023 1067 1061 certior,
1094 1033 1189 1063 quam
1211 1024 1312 1063 quivis
1332 1024 1413 1055 alius
1428 1024 1457 1061 11,
1482 1024 1582 1064 judex

74 1089 150 1112 sum.
173 1079 285 1120 Neque
304 1080 363 1111 tibi
383 1090 446 1111 non
466 1080 592 1111 credere
613 1080 714 1111 audeo
730 1080 760 1119 ¹¹,
781 1090 885 1120 quem,
899 1082 934 1111 ut
954 1080 993 1111 de
1013 1079 1138 1112 Socrate
1159 1081 1268 1112 scribit
1289 1081 1406 1118 Cicero,
1427 1081 1583 1113 humanae

73 1138 245 1178 sapientiae
264 1137 417 1177 quoddam
434 1137 557 1169 eoeleste
576 1137 735 1169 oraculum
756 1137 905 1168 existimo.
927 1136 988 1168 Sed
1008 1137 1049 1168 ad
1063 1138 1179 1169 bonum
1199 1138 1295 1169 finem
1310 1148 1330 1169 a
1342 1140 1375 1169 te
1395 1139 1474 1169 haec
1494 1138 1580 1170 dicta

74 1205 136 1227 non
155 1194 265 1226 dubito
282 1195 311 1226 ¹2¹.
334 1194 448 1235 Ingens
468 1195 551 1226 enim
566 1194 597 1231 ¹³,
619 1196 655 1225 ut
675 1194 793 1231 dicunt,
809 1194 850 1225 ad
871 1194 1037 1226 excitanda
1058 1195 1185 1235 ingenia
1199 1195 1303 1226 calcar
1325 1198 1371 1226 est
1392 1196 1500 1236 gloria.
1514 1195 1582 1226 Hoc

72 1262 122 1283 me
142 1252 267 1283 stimulo
288 1251 407 1292 putasti
435 1252 662 1289 animosiorein,
691 1254 722 1283 et
742 1252 783 1283 ad
802 1251 984 1292 disciplinas
1005 1253 1104 1293 magis
1119 1253 1139 1269 11
1167 1253 1342 1284 studiosum
1364 1253 1464 1293 magis
1480 1253 1501 1270 ¹⁵
1522 1253 1582 1284 effi-

73 1319 153 1341 cere.
175 1309 222 1341 De
243 1320 305 1350 quo
325 1309 384 1341 tibi
405 1309 522 1350 gratias
537 1309 558 1326 16
578 1309 688 1346 habeo,
711 1309 766 1349 qui
785 1309 1039 1346 benivolentiam,
1067 1320 1163 1350 quam
1183 1309 1225 1341 ad
1246 1321 1296 1341 me
1316 1311 1406 1351 geris,
1428 1313 1459 1342 et
1479 1310 1527 1342 his
1548 1312 1581 1342 et

73 1367 121 1398 his
134 1367 156 1384 ¹⁷
176 1366 276 1398 multo
296 1367 467 1407 majoribus
487 1366 646 1398 beneficiis
666 1366 838 1398 ostendisti.
867 1366 927 1398 Sed
947 1367 1049 1398 nescio
1071 1377 1133 1407 quo
1157 1369 1248 1407 pacto
1271 1377 1308 1398 ea
1328 1377 1411 1408 quae
1432 1367 1472 1399 de
1492 1378 1541 1399 me
1556 1368 1578 1385 ¹⁸

73 1424 182 1456 scribis
191 1423 381 1464 persuadere
392 1424 414 1440 ¹⁹
429 1423 506 1454 mihi
517 1424 638 1464 possim.
654 1423 810 1463 Principio
823 1423 931 1455 literas
944 1434 1029 1455 meas
1040 1427 1095 1456 tuo
1109 1426 1141 1456 et
1156 1424 1289 1456 aliorum
1302 1425 1418 1465 judicio
1431 1425 1582 1465 probatas

72 1481 156 1513 dicis.
186 1481 224 1512 In
243 1491 305 1521 quo
325 1480 452 1520 quidem
474 1491 537 1512 11011
558 1484 605 1512 est
625 1480 703 1511 mihi
724 1491 856 1521 magnae
888 1491 983 1512 curae
1003 1481 1081 1522 quid
1095 1482 1117 1498 ‘²⁰
1138 1482 1177 1513 de
1198 1492 1249 1514 me
1268 1482 1324 1513 alii
1344 1482 1492 1520 sentiant,
1526 1492 1585 1514 nec

72 1538 283 1570 multitudinis
300 1538 420 1580 judicio
433 1538 559 1570 laudari
579 1538 679 1578 cupio.
701 1537 804 1569 Tuum
818 1540 979 1569 maturum
994 1540 1026 1569 et
1046 1549 1140 1579 grave
1157 1539 1312 1579 judicium
1325 1540 1358 1570 in
1373 1550 1422 1571 me
1443 1540 1580 1580 requiro.

71 1596 239 1634 Mirantur,
260 1597 297 1627 ut
309 1583 395 1633 dicis,
416 1595 501 1636 quod
514 1597 580 1626 tam
598 1595 722 1635 juvenis
742 1595 832 1626 annis
853 1595 962 1626 taliter
982 1596 1099 1627 sentire
1120 1597 1215 1636 possit
1231 1597 1261 1628 ²¹.
1284 1596 1351 1628 Hoc
1365 1599 1413 1629 est
1434 1607 1497 1637 quo
1520 1607 1584 1628 ma-

71 1653 154 1684 xime
172 1653 350 1693 perturbor.
372 1653 456 1684 Dum
475 1652 558 1684 enim
578 1652 747 1689 considero,
767 1654 846 1692 quot
868 1652 933 1684 dies
954 1653 1070 1684 otiosus
1091 1655 1123 1684 et
1146 1653 1267 1685 inutilis
1289 1654 1347 1694 egi,
1375 1656 1453 1694 quot
1474 1656 1581 1685 noctes

71 1698 209 1742 marcido
235 1720 344 1751 sopore
372 1710 557 1750 consumpsi,
586 1720 648 1741 non
669 1709 758 1741 modo
785 1709 864 1741 haec
884 1710 923 1741 de
945 1720 994 1741 me
1022 1710 1141 1751 fingere
1161 1721 1223 1742 non
1244 1711 1353 1748 audeo,
1382 1711 1437 1742 sed
1457 1711 1583 1742 omnino

72 1767 205 1810 alicujus
231 1777 372 1808 unquam
393 1767 507 1808 praetii
538 1767 682 1798 futurum
703 1777 752 1798 me
774 1776 838 1798 esse
859 1767 999 1807 despero.
1029 1768 1129 1808 Atqui
1143 1768 1165 1785 ²²
1197 1768 1313 1800 multos
1334 1768 1423 1799 video
1451 1768 1583 1809 juvenes

72 1825 202 1858 solertes
222 1827 254 1856 et
273 1825 436 1863 studiosos,
468 1825 523 1865 qui
543 1828 575 1856 et
595 1825 657 1857 diei
684 1826 807 1856 noctem
834 1827 865 1855 et
886 1825 970 1856 nocti
1000 1824 1084 1857 diem
1110 1825 1273 1866 adjiciunt,
1304 1824 1427 1857 nullum
1456 1827 1582 1866 tempus

71 1882 181 1914 studiis
194 1882 257 1914 suis
269 1883 290 1900 ²³
311 1882 451 1915 sufficere
467 1882 668 1914 arbitrantes.
692 1881 774 1920 Quid
789 1893 861 1923 ergo
873 1883 895 1900 ²⁴
917 1882 1000 1923 quod
1014 1882 1076 1914 illis
1091 1893 1141 1914 me
1157 1883 1332 1923 comparari
1354 1882 1479 1922 patiar?
1499 1882 1582 1914 Satis

71 1942 169 1982 grate,
190 1940 252 1972 imo
273 1940 447 1981 gratissime
468 1940 593 1978 ferrem,
620 1940 646 1970 si
667 1950 705 1971 ea
726 1949 824 1972 essem
845 1941 964 1972 virtute
983 1940 1155 1980 praeditus,
1184 1950 1281 1980 quam
1302 1942 1390 1972 aetas
1410 1950 1481 1972 mea
1502 1940 1581 1971 mihi

82 2087 90 2103 ¹
111 2085 175 2113 eod.
194 2085 328 2112 Guarner.
350 2081 454 2110 Sancto
473 2081 507 2110 cle
526 2081 696 2117 Pereyrinis
843 2083 866 2100 ¹⁴
886 2082 940 2109 PP.
961 2082 1131 2117 disciplinae

82 2131 93 2147 ⁴²
112 2128 143 2156 G.
163 2136 176 2156 e
195 2127 254 2156 cod.
273 2126 325 2155 287
344 2126 448 2162 colliqo
843 2127 865 2144 ¹5
883 2126 930 2154 Br.
950 2126 1009 2155 PM.
1030 2126 1085 2154 ΡΡ.
1104 2126 1268 2155 studiosum
1286 2127 1378 2162 mayz's

81 2173 92 2191 ³
112 2171 179 2201 G.76
198 2171 243 2199 rit·
262 2170 365 2205 optime
846 2171 871 2188 1⁶
886 2170 918 2199 G.
937 2171 971 2198 (ῖο
988 2179 1047 2205 qua
1066 2171 1117 2198 tibi
1132 2171 1261 2206 yi·atias;
1281 2170 1332 2199 287
1351 2180 1408 2206 quo
1428 2171 1484 2200 tibi

83 2217 92 2234 ⁴
112 2217 158 2245 Br.
177 2216 238 2244 PM.
257 2215 311 2243 ΡΡ.
324 2213 466 2249 postridie
844 2216 866 2232 ¹⁷
885 2215 930 2242 Br.
950 2215 1011 2243 PM.
1032 2215 1087 2243 ΡΡ.
1107 2215 1158 2243 287
1182 2223 1265 2243 senza
1283 2215 1305 2243 il
1324 2215 1442 2244 secondo
1461 2216 1530 2250 his;
1550 2216 1582 2246 G.

81 2263 93 2280 ⁵
111 2261 194 2289 Guar.
214 2268 227 2288 e
245 2258 296 2287 287
318 2258 368 2287 tibi
388 2258 550 2286 direxeram
880 2267 960 2287 senza
978 2259 1006 2287 la
1025 2259 1186 2294 ripetizione
1207 2260 1235 2287 di
1253 2261 1280 2288 et
1298 2260 1344 2288 liis

81 2306 92 2323 ⁶
111 2304 193 2333 Guar.
219 2303 361 2339 =(navitate
388 2302 588 2337 unnsquisque
615 2302 746 2334 miratur,
775 2304 810 2330 ut
845 2304 867 2321 ¹3
886 2304 931 2331 ΒΓ.
952 2304 1013 2332 PM.
1034 2305 1089 2332 ΡΡ.
1109 2305 1148 2332 acl
1166 2312 1209 2332 me

105 2348 209 2376 asseris
844 2348 866 2365 ¹⁹
884 2347 939 2375 ΡΡ.
951 2348 1127 2382 persuaderi

83 2393 94 2409 ⁷
113 2391 167 2420 ΡΡ.
187 2390 264 2426 quod
843 2393 866 2410 ²⁰
887 2391 945 2419 PM.
968 2392 1023 2420 ΡΡ.
1043 2392 1120 2427 qnod

80 2437 91 2453 ⁸
109 2435 193 2463 Guar.
216 2433 361 2463 Ciceronis
841 2437 864 2454 2¹
885 2436 916 2464 G.
938 2435 977 2463 ita
993 2436 1122 2471 araz-iter
1140 2437 1247 2465 sentire
1260 2437 1355 2472 possit

80 2481 92 2498 ⁹
110 2480 154 2508 Br.
173 2479 233 2508 PM.
254 2479 309 2508 ΡΡ.
328 2479 465 2512 (1010οέονς
486 2478 517 2506 G.
536 2477 649 2506 delectet
843 2481 866 2498 22
884 2480 944 2508 PM.
964 2480 1018 2508 ΡΡ.
1038 2480 1135 2516 Atque

70 2525 91 2542 ¹⁰
111 2523 142 2552 G.
161 2532 249 2559 qziam
267 2523 344 2551 alius
843 2525 866 2543 ²3
885 2524 929 2553 ΒΓ.
950 2525 1011 2553 PM.
1031 2524 1085 2553 ΡΡ.
1104 2526 1166 2553 sui-3
1183 2526 1288 2554 studiis

70 2570 90 2587 ¹1
110 2568 156 2597 Br.
175 2568 236 2597 PM.
250 2568 304 2596 ΡΡ.
322 2576 414 2603 ‘neque
433 2567 486 2596 tibi
504 2567 616 2596 eredere
634 2574 694 2595 non
712 2567 803 2596 audeo
839 2569 861 2586 2⁴
881 2568 912 2596 G.
936 2568 1013 2604 Quid
1030 2571 1071 2597 est
1090 2578 1170 2605 erqo,
1190 2571 1236 2598 ΒΥ.
1256 2570 1316 2599 PM.
1337 2570 1393 2599 ΡΡ.
1421 2570 1497 2607 Quid
1514 2579 1583 2607 erqo

70 2614 91 2631 ¹2
109 2613 155 2641 Br.
174 2613 233 2640 PM.
252 2612 308 2641 ΡΡ.
326 2612 402 2640 dicta
420 2612 470 2640 abs
489 2613 514 2640 te
532 2620 590 2640 esse
607 2619 666 2640 ozon
686 2611 783 2640 dubito
878 2614 937 2647 est;
956 2613 1007 2641 287
1033 2609 1109 2649 Quid
1125 2616 1166 2643 est
1184 2623 1250 2650 erqo

69 2657 90 2675 ¹³
109 2657 154 2685 Br.
174 2657 234 2686 PM.
254 2657 309 2685 ΡΡ.
327 2657 430 2685 etenim
