1845 3076
244 155 260 185 7
264 155 283 185 6
870 161 896 184 r.
917 161 943 184 P.
964 161 1112 184 mnessmo

242 245 349 286 quod¹
370 247 495 285 possent
525 244 667 284 protinus
694 244 783 284 jussu
810 253 864 275 suo
893 244 998 275 occidi.
1032 243 1113 282 Quid
1134 244 1373 285 imprudentius,
1405 245 1481 284 quid
1501 246 1600 286 magis
1630 245 1746 277 abomi-

244 302 393 339 nandum,
414 304 459 338 ut,
486 311 557 332 cum
584 301 638 332 ille
661 301 796 332 maxime
824 300 951 338 rideret,
982 303 1050 332 tum
1071 302 1081 318 ‘·'
1102 302 1168 332 istis
1188 301 1274 333 haud
1304 304 1422 333 temere
1452 302 1619 333 dolendum
1641 303 1745 334 esset?

240 359 299 391 sub
320 359 378 390 hoc
397 367 463 390 esse
483 360 555 389 tuta
576 359 726 399 cujusque
751 357 837 389 salus
858 360 991 397 poterat,
1023 358 1150 390 defensa
1170 358 1331 398 pudicitia,
1362 362 1418 390 aut
1445 369 1572 391 securae
1592 361 1746 401 cujusque

249 415 420 447 fortunae?
442 415 523 454 Quid
543 415 601 447 illa
624 415 762 456 ejusdem
783 425 855 446 voce
877 415 988 447 tetrius
1001 416 1022 452 ³,
1043 416 1097 455 qui
1119 418 1227 456 opt-are
1241 425 1273 446 se
1293 416 1409 457 ajebat,
1431 419 1467 447 ut
1480 427 1576 447 unam
1596 417 1746 448 cervicem

241 473 397 504 haberet⁴
424 473 556 513 populus
584 483 738 509 romanus,
761 483 823 504 non
842 472 969 512 quidem
991 475 1027 504 ut
1052 472 1140 504 illam
1160 472 1349 504 exhornaret
1376 477 1433 505 aut
1452 476 1604 511 tueretur,
1633 473 1688 506 sed
1708 476 1746 504 ut

243 529 335 561 facile
358 539 463 561 secare
484 529 608 570 posset?
629 529 785 561 Neronem
807 530 875 570 quis
904 529 1077 570 praeterire
1105 533 1216 569 posset,
1247 530 1301 569 qui
1328 540 1434 561 omnes
1464 530 1657 561 crudelitatis
1684 530 1744 562 ac⁵

241 587 448 627 turpitudinis
467 587 500 618 in
514 597 546 618 se
561 597 714 618 summam
734 587 881 627 collegit?
902 587 1065 618 Octavium
1079 597 1203 626 quoque
1220 588 1367 628 juvenem
1382 590 1414 618 et
1427 587 1588 618 Tiberium
1610 587 1746 628 adjicere

243 644 291 674 his
305 654 409 675 senem
424 654 594 684 possumus,
607 647 638 676 et
652 644 865 675 Domitianum
880 644 1120 684 spurcissimum.
1135 643 1195 675 Sed
1208 644 1313 675 deesse
1326 645 1359 675 in
1370 644 1450 675 hanc
1465 646 1588 684 partem
1603 644 1746 684 exempla

243 711 305 732 non
319 703 454 741 possunt.
476 701 537 733 Illa
550 702 671 733 rariora
691 704 773 737 sunt,
788 701 813 731 si
826 701 1000 732 meminisse
1020 701 1177 732 clarorum
1198 701 1373 741 principum
1388 702 1537 739 volumus,
1553 704 1589 732 ut
1602 701 1748 733 Octavius

242 768 347 796 senex,
379 761 411 789 et
431 759 519 789 Titus
537 759 655 799 junior,
682 768 776 798 quem
805 758 935 789 humani
957 759 1077 798 generis
1099 757 1224 790 delicias
1245 758 1417 798 appellant,
1448 758 1745 799 Vespasianusque⁶

243 825 356 855 parens
378 815 454 856 ejus
474 816 500 846 si
514 815 679 847 avaritiam
701 815 845 846 cohibere
866 815 1026 855 potuisset.
1048 814 1129 846 Nam
1144 815 1183 846 de
1198 815 1399 856 poligarchia,
1420 825 1501 856 quae
1516 817 1562 846 est
1575 815 1746 847 multorum

242 873 446 913 principatus,
468 873 526 903 hoc
546 872 623 903 mihi
643 872 777 910 videtur,
798 874 835 903 ut
847 872 1027 903 inordinata
1048 872 1218 912 plurimum
1240 873 1325 910 mali,
1348 873 1517 913 composita
1530 883 1592 904 non
1612 873 1747 904 multum

241 930 316 961 boni
336 930 452 961 habere
472 930 505 960 in
520 940 551 961 se
572 930 674 970 possit.
699 929 779 961 Nam
793 930 818 960 si
839 930 953 969 passim
973 940 1079 961 omnes
1107 930 1139 960 in
1160 930 1394 970 magistratibus
1411 940 1475 961 esse
1497 930 1618 970 possint
1633 931 1652 969 ⁷,
1673 930 1750 970 quid

244 987 407 1024 sordidius,
428 987 504 1027 quid
524 987 737 1024 inconsultius
759 990 815 1018 aut
829 987 905 1027 quid
925 987 1149 1027 impotentius?
1169 987 1222 1018 Sin
1242 998 1315 1019 vero
1328 987 1382 1027 qui
1404 987 1476 1019 boni
1491 987 1639 1018 dicuntur
1660 997 1749 1027 prae-

243 1047 325 1081 sunt,
340 1047 371 1076 et
386 1045 495 1076 civitas
510 1044 738 1084 potentioribus
754 1048 894 1085 regatur,
908 1044 1007 1075 fastus
1019 1044 1029 1061 ⁸
1045 1055 1168 1084 semper
1182 1045 1355 1076 nobilitatis
1375 1045 1408 1075 in
1428 1044 1560 1085 plebem,
1575 1048 1615 1082 et,
1632 1048 1748 1084 contra,

243 1102 346 1141 plebis
367 1102 482 1139 odium,
503 1102 652 1142 iniquitas
669 1102 869 1142 judiciorum,
890 1102 1125 1142 peregrinorum
1146 1102 1288 1142 abjectio,
1310 1112 1405 1134 avara
1425 1105 1521 1143 atque
1541 1103 1678 1142 superba
1698 1102 1749 1134 do-

244 1159 383 1190 minatio.
403 1159 483 1190 Tum
504 1169 576 1190 vero
604 1162 636 1190 et
662 1159 835 1190 nobilitatis
857 1158 1016 1196 sactiones,
1044 1162 1076 1190 et
1105 1160 1207 1190 sectae
1222 1160 1241 1197 ¹³,
1261 1161 1330 1190 tum
1350 1160 1464 1191 harum
1485 1160 1626 1199 ipsarum
1645 1159 1750 1197 duces,

244 1220 340 1256 atque
354 1217 400 1247 ita
421 1226 544 1256 semper
557 1217 577 1233 ¹⁰
598 1218 634 1247 ut
647 1217 665 1233 ¹¹
686 1216 719 1247 in
733 1226 854 1247 summa
874 1225 952 1256 pace
966 1216 1056 1248 civile
1078 1216 1195 1248 bellum
1216 1216 1381 1248 habeatur.
1402 1217 1448 1248 Ac
1462 1217 1500 1248 de
1513 1217 1535 1234 ¹²
1554 1217 1751 1248 tumultuosa

242 1274 474 1314 compositaque
490 1274 511 1290 ¹³
532 1273 694 1313 republica
709 1273 786 1313 quid
807 1273 895 1304 aliud
909 1273 970 1304 dici
989 1276 1101 1313 potest,
1123 1274 1184 1305 m‘si
1198 1274 1397 1314 quotidianas
1418 1274 1537 1311 caedes,
1558 1274 1748 1314 direptiones

242 1331 404 1368 bonorum,
420 1331 523 1369 exilia,
536 1341 686 1368 carceres,
702 1341 740 1362 ac
754 1341 884 1370 semper.
901 1331 1031 1371 expulsa
1043 1334 1144 1372 parte,
1159 1334 1281 1371 partem
1296 1331 1429 1362 alteram
1450 1331 1582 1362 interius
1596 1334 1750 1363 renatam.

242 1388 344 1429 Hujus
374 1390 481 1419 autem
502 1389 547 1419 rei
570 1398 635 1420 esse
664 1388 835 1428 plurimum
858 1388 928 1419 finis
949 1388 1037 1426 solet,
1063 1391 1099 1419 ut
1120 1388 1160 1419 ad
1180 1399 1278 1419 unum
1304 1389 1414 1420 civitas
1435 1388 1624 1428 conferatur,
1657 1388 1710 1429 qui
1726 1388 1747 1406 ¹⁴

245 1448 411 1486 componat
431 1446 534 1477 omnia
555 1456 725 1486 omnesque
746 1446 803 1477 sub
826 1446 957 1486 legibus.
980 1446 1091 1486 Itaque
1109 1446 1130 1463 ¹⁵
1151 1446 1189 1476 fit
1209 1448 1246 1476 ut
1266 1446 1364 1476 omnis
1384 1446 1554 1477 multitudo
1574 1446 1615 1477 ad
1635 1456 1750 1486 paucos

241 1503 291 1534 vel
305 1503 345 1534 ad
362 1514 459 1534 unum
480 1503 615 1534 maxime
636 1503 806 1544 redigatur.
830 1503 928 1543 idque
948 1503 1049 1543 ipsum
1071 1513 1194 1534 necesse
1215 1506 1270 1540 est,
1292 1503 1318 1534 si
1339 1503 1453 1534 debeat
1468 1513 1532 1534 esse
1554 1513 1616 1543 pax
1637 1513 1749 1543 aequa,

246 1563 279 1591 et
300 1570 425 1592 concors
440 1561 461 1578 ¹⁶
481 1561 632 1599 comunio,
655 1562 686 1591 et
705 1560 810 1601 legum
829 1561 1035 1600 justitiaeque
1056 1560 1239 1592 observatio.
1272 1559 1354 1591 Nam
1376 1560 1549 1600 prudenter
1570 1560 1697 1601 quidem
1717 1562 1749 1592 et

243 1627 315 1648 vere
336 1617 408 1648 Bias
422 1628 610 1649 aranearum
624 1618 695 1649 telis
716 1617 799 1658 loges
821 1617 1033 1658 comparabat,
1056 1618 1140 1657 quod
1155 1618 1175 1634 ¹⁷
1196 1617 1267 1649 illas
1282 1617 1375 1648 fortia
1390 1617 1540 1649 animalia
1558 1620 1751 1658 rumperent,

243 1674 356 1715 exigua
370 1675 413 1706 ibi
426 1675 447 1691 ¹⁸
461 1678 655 1715 caperentur.
666 1675 756 1706 Unde
768 1675 967 1714 proverbium
981 1675 1124 1712 insuevit,
1134 1675 1174 1706 ad
1185 1674 1372 1706 cohibendos
1386 1675 1483 1705 animi
1495 1678 1597 1706 motus
1609 1675 1630 1692 ¹⁹
1648 1675 1750 1707 edicta

245 1731 322 1763 fieri.
346 1731 411 1763 Nec
431 1732 534 1764 minus
554 1732 576 1749 ²⁰
604 1732 729 1772 quidem
750 1731 923 1771 prudenter
936 1731 1044 1763 Senior
1058 1732 1089 1769 ²¹,
1111 1734 1235 1763 nostrae
1255 1732 1432 1770 memoriae,
1453 1732 1508 1772 qui
1527 1732 1613 1764 haud
1633 1735 1752 1764 temere

243 1789 327 1820 inter
347 1789 603 1829 prudentissimos
625 1789 783 1828 Principes
805 1792 836 1820 et
857 1789 976 1829 primus
996 1789 1124 1829 quidem
1144 1789 1306 1821 habendus
1327 1791 1383 1826 est,
1403 1789 1486 1830 leges
1507 1799 1673 1830 caprarum
1687 1789 1750 1830 pel-

242 1846 325 1877 libus
340 1846 460 1878 solebat
475 1846 654 1883 assimilare,
677 1846 761 1886 quod
775 1846 1036 1886 interpretatione
1053 1846 1273 1887 judicantium,
1295 1847 1327 1876 in
1340 1856 1463 1877 omnem
1485 1849 1607 1886 partem
1622 1847 1750 1878 extendi

243 1906 340 1943 atque
361 1904 484 1935 retendi
504 1906 628 1944 possent
642 1904 673 1934 22.
705 1903 752 1935 Ne
772 1903 870 1944 igitur
890 1906 946 1935 aut
967 1904 1080 1944 rumpi,
1111 1906 1169 1935 aut
1190 1904 1326 1942 extendi,
1348 1903 1528 1936 contrahive
1541 1904 1564 1921 ‘³³
1583 1904 1751 1945 plusquam

255 1997 264 2013 ⁴
286 1996 339 2024 ΡΡ.
358 1997 429 2031 quia
1019 1997 1039 2014 ¹⁴
1059 1996 1114 2024 ΡΡ.
1133 2005 1206 2031 quae

258 2040 272 2058 ‘²
291 2040 368 2069 Ram.
387 2050 452 2069 cum
470 2049 518 2075 per
538 2042 597 2068 tum
1019 2042 1041 2059 ¹5
1060 2041 1137 2069 Ram.
1157 2040 1208 2068 Ita

255 2085 264 2102 ³
283 2084 360 2112 Ram.
380 2085 438 2112 vita
457 2084 580 2112 deterius
1014 2086 1036 2102 ¹⁸
1055 2084 1117 2113 Cosi
1143 2085 1190 2113 ΒΓ.
1210 2085 1244 2113 84
1262 2093 1276 2113 e
1298 2084 1393 2121 Ram.;
1420 2085 1474 2114 ΡΡ.
1493 2086 1679 2119 cunotormm
1706 2085 1753 2114 Br.

252 2128 263 2146 ‘⁴
283 2128 328 2157 ΒΥ,
342 2129 376 2156 84
389 2130 422 2157 ut
433 2128 565 2164 Populus
577 2128 728 2156 Romanus
739 2137 828 2157 unam
841 2128 976 2158 cervicem
1048 2138 1062 2157 e
1082 2129 1141 2158 PM.
1160 2137 1311 2163 conscors;
1331 2129 1407 2158 Ram.
1427 2137 1577 2158 exconcors

277 2173 395 2202 haberet
1016 2175 1038 2192 ¹⁷
1056 2173 1117 2202 PM.
1136 2182 1217 2202 senza
1236 2174 1313 2208 quod

253 2219 264 2236 f*
283 2219 329 2246 ΒΥ.
349 2217 383 2245 84
402 2226 455 2250 αο,·
475 2217 520 2245 Br.
540 2216 600 2245 PM.
619 2217 674 2244 ΡΡ.
694 2218 745 2245 aut
1018 2219 1039 2236 ¹⁸
1058 2218 1135 2247 Ram.
1153 2217 1209 2245 sibi
1226 2225 1274 2252 per
1292 2218 1333 2246 ibi

252 2262 264 2282 6
281 2262 358 2291 Ram.
384 2261 576 2296 Vespasianus
593 2269 706 2296 quoque
1014 2263 1036 2280 1⁹
1054 2262 1070 2290 I
1088 2261 1175 2290 codici
1194 2261 1287 2290 hanno
1305 2269 1418 2296 mores;
1443 2269 1482 2290 un
1500 2262 1593 2290 codice
1611 2262 1696 2290 citato
1715 2261 1751 2290 da

253 2307 263 2324 ⁷
282 2306 343 2334 PM.
356 2307 477 2341 possent
1049 2306 1110 2335 PM.
1129 2307 1166 2334 ha
1184 2308 1221 2335 at.
1240 2307 1346 2340 motes;
1367 2307 1412 2336 ΒΓ.
1431 2306 1465 2334 85
1488 2306 1526 2335 al.
1546 2307 1659 2340 motus;
1687 2306 1749 2335 PM.

253 2351 263 2369 8
283 2351 337 2379 ΡΡ.
356 2352 483 2386 regyatzcr.
505 2350 621 2379 Faetus.
648 2349 691 2378 Uu
720 2349 812 2379 codice
831 2349 916 2380 citato
944 2351 980 2379 da
1049 2351 1134 2380 mette
1152 2351 1182 2379 in
1200 2350 1325 2387 margine
1345 2351 1476 2380 minores.
1496 2351 1537 2379 La
1550 2350 1623 2379 frase
1638 2350 1725 2379 scelta
1738 2352 1753 2378 e

275 2395 336 2423 PM.
355 2395 392 2422 ha
404 2395 502 2429 jactus
1053 2395 1081 2423 di
1099 2395 1226 2424 Cicerone

257 2440 268 2458 ⁹
286 2438 339 2468 Nei
359 2439 447 2467 codici
464 2440 554 2468 sectas
1016 2440 1039 2458 ‘20
1058 2440 1136 2468 Ram.
1155 2448 1236 2468 senza
1254 2440 1351 2469 minus

240 2484 263 2502 ¹0
282 2484 328 2512 Br.
348 2483 383 2511 84
401 2491 520 2518 semper,
541 2491 647 2512 omesso
667 2482 742 2519 dagli
761 2483 825 2512 altri
844 2482 931 2512 codici
1015 2485 1035 2502 ²¹
1057 2483 1117 2511 PM.
1136 2485 1219 2511 nota:
1243 2483 1323 2512 «Hic
1346 2484 1387 2512 est
1410 2484 1576 2512 Franciscus
1600 2483 1696 2511 Senior
1720 2481 1753 2512 de

241 2529 261 2546 ⁴¹
283 2527 336 2556 Nei
355 2526 442 2555 codici
463 2535 544 2555 senza
563 2527 625 2556 l‘ut
1050 2527 1177 2556 Carraria
1196 2527 1329 2564 septimus
1347 2528 1542 2564 patavinorum
1560 2527 1689 2563 princeps
1705 2538 1716 2550 υ

246 2572 269 2589 ¹2
287 2571 364 2599 Ram.
384 2570 431 2599 Ne
449 2571 482 2599 de
500 2579 548 2606 per
565 2570 610 2600 Ac
631 2571 664 2600 de
1018 2573 1041 2591 ‘2²
1058 2572 1136 2600 Ram.
1154 2572 1225 2607 dopo
1238 2573 1358 2607 possent
1375 2573 1473 2601 omette
1492 2573 1541 2608 piu
1560 2571 1653 2608 parole

239 2616 261 2634 ⁴³
280 2614 339 2643 ΡΡ.
357 2615 565 2652 compositaque
1018 2617 1041 2635 2³
1058 2616 1113 2646 ΡΡ.
1126 2616 1296 2652 protrahe-e
