1845 3076
211 153 269 185 190
826 162 851 185 P.
873 163 898 185 P.
920 163 1069 187 vnnenmo

897 320 1032 352 CXXIV.

737 395 1034 427 DESIDERATO
1067 396 1128 428 CL.
1157 397 1192 428 V.

513 478 696 501 VENETORUM
716 478 898 502 REIPUBLICAE
918 479 950 502 IN
972 479 1200 503 CANCELLARIUM
1220 480 1408 504 DESIGNATUM

729 536 1011 559 CONGRATULATORIA
1032 537 1171 560 EPISTOLA
1188 530 1196 546 ¹

679 611 865 634 Jusrmorom
888 612 918 634 11.
940 612 1006 634 ΚΑΒ.
1029 612 1097 635 Nov.
1122 605 1198 635 1412
1220 605 1239 636 ².

715 678 802 712 (PM.
822 687 844 707 e.
864 679 904 705 78
924 680 940 707 t.
962 695 993 698 ——
1015 679 1078 707 ΡΡ,
1098 688 1127 707 n.
1146 680 1208 715 96).

285 746 364 779 Urbi
391 749 454 778 tuae
482 747 719 785 florentissimae,
747 748 795 778 vir
822 748 958 788 insignis,
981 750 1266 789 congratulandum
1294 760 1358 781 esse
1386 751 1463 782 mihi
1489 752 1559 789 scio,
1587 762 1657 792 quae
1685 756 1719 785 te

204 804 391 844 scriptorem
411 815 517 836 rerum
538 815 666 836 suarum
687 808 784 845 atque
810 808 965 836 oratorem
993 809 1089 837 nacta
1114 807 1164 844 sit,
1194 817 1265 838 eum
1292 808 1460 846 hominem,
1482 810 1537 849 qui
1564 810 1717 850 magnitu-

203 861 312 893 dinem
333 871 422 893 suam
443 862 515 893 stilo
536 865 632 902 atque
653 863 793 894 oratione
815 873 940 903 aequare
961 864 1067 904 possis.
1088 864 1154 895 Etsi
1175 865 1267 903 enim,
1290 868 1327 896 ut
1349 865 1483 897 Romani
1504 867 1662 906 quondam
1685 870 1717 899 et

204 929 289 950 nunc
309 918 422 950 Veneti
444 920 500 957 tui,
523 920 625 951 facere
650 921 763 951 malint
791 931 886 960 quam
913 921 1027 957 dicere,
1049 931 1160 962 resque
1188 932 1259 953 suas
1285 922 1410 954 laudari
1439 933 1526 963 posse
1555 925 1595 956 ab
1623 924 1716 956 aliis³

203 979 324 1016 optent,
347 987 442 1016 quam
463 977 523 1017 ipsi
543 978 663 1008 alienas
684 977 826 1014 laudare,
854 988 916 1009 non
943 979 1093 1009 minima⁴
1115 982 1221 1010 tamen
1247 980 1326 1011 bene
1354 983 1447 1021 gestae
1469 981 1537 1012 rei⁵
1558 992 1631 1021 pars
1659 985 1715 1020 est,

204 1037 250 1071 ut,
271 1033 422 1073 praeclare
444 1035 513 1074 quis
526 1035 535 1049 '⁴'
557 1035 696 1075 gesserit,
718 1036 764 1066 ita
786 1039 817 1066 et
839 1045 906 1067 esse
934 1035 1073 1075 aliquem
1100 1037 1153 1076 qui
1174 1037 1325 1077 praeclare
1346 1038 1439 1069 dicat.
1461 1038 1611 1070 Laterent
1624 1039 1718 1080 siqui-

203 1092 275 1123 dem
292 1103 341 1124 res
356 1093 510 1133 majorum
525 1095 713 1131 nostrorum,
728 1093 878 1133 nullaque
893 1094 932 1124 ad
947 1096 1085 1133 posteros
1100 1097 1219 1126 nostros
1231 1096 1433 1134 praesentium
1445 1105 1552 1127 rerum
1563 1097 1715 1128 memoria

203 1150 368 1190 pervenire
389 1152 500 1190 posset,
521 1150 580 1180 nisi
608 1150 733 1190 prodita
760 1153 864 1182 essent
890 1150 996 1182 divina
1024 1152 1168 1191 quaedam
1196 1152 1331 1192 ingenia,
1352 1152 1462 1192 qualia
1488 1153 1573 1193 apud
1600 1154 1717 1194 priscos

202 1207 314 1243 multa,
335 1208 420 1248 apud
441 1217 496 1238 nos
516 1211 617 1245 tuum,
638 1218 709 1248 quae
728 1218 857 1238 suarum
879 1210 910 1239 et
931 1208 1126 1248 superiorum
1147 1212 1277 1241 aetatum
1298 1213 1385 1250 gesta
1405 1210 1505 1242 literis
1531 1211 1716 1251 complecte-

201 1267 314 1296 rentur
325 1265 343 1296 ⁷.
368 1264 494 1296 Gratias
516 1265 654 1296 habeat⁸
675 1266 740 1296 Deo
767 1268 824 1296 tua
851 1265 1050 1305 Respublica,
1080 1267 1164 1306 quod
1175 1267 1195 1304 ⁹,
1225 1278 1260 1298 eo
1288 1268 1367 1299 bene
1391 1268 1532 1308 juvante,
1555 1269 1711 1309 quidquid

200 1322 335 1354 antehac
356 1323 405 1353 vel
425 1322 552 1353 consilio
572 1323 621 1354 vel
642 1323 759 1354 viribus
780 1323 883 1354 facere
904 1334 1052 1364 aggressa
1073 1327 1128 1362 est,
1147 1335 1294 1365 prospere
1307 1326 1412 1357 omnia
1426 1325 1539 1358 effecta
1557 1326 1707 1358 reddidit.

202 1379 293 1411 Unde
305 1381 372 1420 jam
384 1380 406 1397 ¹⁰
419 1380 502 1411 inter
522 1380 616 1412 urbes
637 1391 699 1411 non
721 1380 812 1412 modo
834 1381 934 1412 Italiae
956 1382 1010 1412 sed
1023 1384 1055 1412 et
1070 1382 1154 1413 orbis
1167 1383 1263 1413 totius
1278 1383 1515 1423 opulentissima
1529 1384 1713 1424 splendidis-

198 1437 339 1477 simaque
362 1438 529 1475 habeatur,
552 1448 647 1478 quam
668 1438 760 1469 vicini
782 1441 956 1475 verrentur,
973 1439 1046 1470 socii
1061 1439 1178 1476 colunt,
1191 1440 1283 1471 amici
1303 1440 1417 1476 fovent,
1433 1444 1580 1472 metuunt
1600 1442 1714 1479 hostes,

200 1495 358 1535 peregrini
380 1495 487 1535 populi
509 1498 687 1535 exteraeque
708 1496 850 1527 nationes
879 1496 1078 1527 admirantur
1090 1498 1109 1514 ¹¹
1132 1497 1164 1527 in
1196 1508 1260 1537 qua
1281 1501 1368 1529 certa
1388 1498 1483 1528 sint¹²
1503 1499 1636 1530 subditis
1661 1509 1714 1539 pa—

198 1553 339 1590 trocinia,
360 1553 541 1584 indubitata
560 1553 648 1584 sociis
668 1553 757 1590 fides,
778 1553 966 1594 afflictisque
988 1554 1153 1594 refugium,
1175 1555 1318 1586 omnibus
1339 1565 1420 1595 spes,
1442 1555 1587 1588 hostibus
1612 1557 1711 1596 pestis

198 1613 231 1641 et
252 1613 401 1650 paratum
421 1620 544 1650 semper
565 1610 727 1642 excidium.
750 1611 809 1642 Sed
830 1611 936 1643 deesse
948 1612 1026 1642 nihil
1041 1613 1138 1652 magis
1153 1612 1297 1643 felicitati
1312 1613 1398 1644 urbis
1419 1613 1598 1651 videbatur,
1615 1624 1710 1654 quam

199 1670 236 1698 ut
257 1671 339 1699 esset
360 1668 414 1708 qui
436 1669 505 1708 pari
526 1668 682 1708 elegantia
697 1678 746 1699 res
759 1669 918 1705 scriberet,
932 1669 986 1709 qui
1001 1669 1210 1701 sanctissimas
1225 1670 1317 1710 leges,
1333 1670 1578 1710 prudentissima
1590 1671 1611 1688 ¹³
1625 1681 1712 1702 sena-

195 1727 248 1756 tus
270 1725 422 1762 consulta,
448 1726 673 1756 humanissima
693 1726 820 1757 decreta
845 1729 941 1766 atque
969 1727 1001 1757 in
1029 1738 1152 1758 omnem
1173 1738 1238 1759 rein
1260 1728 1540 1767 pertinentissimas
1562 1728 1710 1768 epistolas

198 1785 375 1813 annotaret.
400 1782 609 1821 Quamobrem
629 1793 669 1814 ne
689 1794 753 1823 qua
773 1784 894 1815 deforet
906 1784 926 1801 ¹⁴
940 1784 1099 1816 felicitatis
1114 1795 1195 1825 pars,
1212 1785 1418 1816 saluberrimo
1432 1786 1558 1817 consilio
1573 1786 1708 1817 Senatus

195 1839 227 1870 in
249 1840 472 1871 cancellarium
494 1841 741 1880 magistrumque
762 1841 989 1881 scripturarum
1003 1844 1035 1873 te
1051 1842 1175 1883 delegit,
1192 1845 1228 1873 ut
1241 1845 1321 1873 esset
1338 1843 1497 1883 ingenium
1512 1846 1543 1874 et
1557 1843 1702 1874 doctrina

194 1897 405 1937 magnitudini
420 1908 525 1928 rerum
540 1908 605 1937 par.
623 1897 697 1935 Quis
709 1898 791 1929 enim
802 1898 888 1929 urbis
899 1898 983 1930 illius
997 1899 1203 1939 splendorem,
1219 1899 1352 1931 Senatus
1367 1900 1600 1938 auctoritatem,
1614 1910 1710 1941 popu-

190 1954 275 1994 lique
287 1964 469 1986 consensum
485 1955 642 1995 explicare
657 1956 769 1995 majori
780 1959 944 1987 venustate
956 1967 1051 1996 quam
1062 1959 1098 1988 tu
1110 1960 1211 1997 posset
1224 1957 1267 1988 ¹⁵2
1282 1957 1356 1995 Quis
1367 1957 1470 1989 verbis
1483 1958 1504 1974 ¹⁶
1515 1958 1707 1989 sententiam

204 2049 210 2065 ¹
231 2047 284 2075 Nel
310 2048 365 2075 cod.
387 2048 508 2083 Cicogna
533 2056 559 2076 n.
579 2049 648 2076 3407
674 2051 687 2075 ἐι
709 2049 798 2077 detto:
819 2049 930 2077 Lettera
978 2051 988 2067 ⁶
1008 2050 1062 2078 ΡΡ,
1082 2051 1133 2084 qni

222 2091 329 2120 inedita
358 2092 384 2119 di
414 2092 505 2120 Pietro
534 2093 618 2120 Paolo
646 2093 775 2127 Vergerio
800 2093 827 2121 al
854 2094 928 2121 Gran
977 2096 987 2112 ⁷
1008 2094 1062 2123 Cic.
1081 2095 1164 2123 3407:
1185 2095 1411 2129 complectentur.
1432 2095 1467 2122 In
1487 2095 1614 2130 margine
1638 2103 1712 2124 com-

223 2136 390 2164 Cancelliere
402 2137 562 2165 Desiderato
574 2137 658 2165 Lucio
668 2146 692 2166 a.
706 2138 782 2171 1:365,
793 2146 844 2165 con
858 2141 929 2167 note.
1008 2139 1206 2173 plecterentur

225 2181 323 2208 Trutta
336 2181 370 2208 da
383 2190 420 2208 un
441 2181 533 2209 codice
547 2182 637 2217 Preyi
650 2190 664 2209 e
677 2182 768 2217 Freffli
781 2183 825 2209 dei
838 2184 930 2210 veneti
976 2184 986 2201 S
1005 2184 1066 2211 Cosi
1086 2183 1140 2212 Cic.
1162 2183 1206 2211 Gli
1226 2183 1291 2211 altri
1311 2183 1393 2211 habet

227 2225 311 2253 Gran>
328 2225 809 2261 szeellieriappressoilSenatore
821 2228 851 2256 P.
863 2228 929 2255 Gra·
978 2229 989 2245 ‘³
1010 2228 1062 2255 ΡΡ,
1083 2228 1153 2262 qnia

224 2269 326 2303 denigo
346 2286 377 2289 -
398 2270 501 2298 Dolfin.
522 2278 548 2298 11.
570 2270 620 2297 188
646 2270 688 2297 del
716 2270 811 2298 Museo
837 2271 930 2299 Civico
969 2274 989 2290 1⁰
1009 2273 1092 2300 Senza
1105 2273 1170 2306 jam
1191 2272 1218 2300 in
1239 2273 1293 2302 ΡΡ,

222 2313 250 2341 (11
272 2314 396 2342 Venezia.
967 2318 985 2334 ¹¹
1007 2317 1052 2344 ΒΓ.
1072 2317 1127 2345 ΡΡ,
1147 2317 1208 2344 ΡΜ.
1228 2318 1375 2345 adnm-ant

196 2360 207 2375 ‘2
228 2358 291 2385 Cod.
312 2359 380 2386 Reff.
400 2367 413 2385 ο
432 2358 509 2387 Ram.
532 2359 562 2387 V.
583 2360 645 2388 Kal.
665 2359 737 2388 Nov.
752 2377 784 2380 -—
799 2360 861 2387 ΡΡ,
881 2360 929 2388 ΙΙ.
967 2363 987 2379 ¹2
1007 2361 1069 2390 Cod.
1090 2362 1158 2390 Reff.
1178 2363 1247 2389 sunt

227 2403 296 2430 Kal.
323 2403 377 2437 (vel
396 2404 494 2438 pridie
517 2404 597 2437 Kal.)
622 2413 685 2433 nov.
707 2420 737 2423 —
760 2404 813 2432 Cic.
832 2405 931 2439 pridie
968 2407 989 2423 ¹³
1009 2405 1063 2433 ΡΡ,
1076 2406 1323 2440 prudentissimas

224 2447 293 2475 Kal.
313 2449 453 2476 novembr.
473 2449 556 2477 1394.
964 2450 985 2467 ¹⁴
1006 2448 1059 2478 Cic.
1078 2450 1163 2478 3407:
1185 2450 1300 2483 def'eret.
1319 2451 1353 2478 In
1373 2449 1498 2486 margine
1512 2450 1645 2484 deficeret

198 2493 208 2509 ³
228 2492 290 2519 Cosi
310 2492 386 2520 Ram.
407 2492 452 2520 Gli
471 2493 538 2520 altri
560 2494 627 2522 illis.
649 2494 712 2522 Cod.
734 2494 788 2522 Cic.
808 2494 877 2521 :3407
897 2493 926 2521 in
965 2496 987 2512 ¹5
1006 2493 1060 2522 Cic.
1079 2494 1149 2522 3407
1171 2495 1248 2529 quod
1273 2497 1304 2523 tu
1321 2503 1442 2530 possem.
1469 2495 1504 2522 In
1528 2494 1654 2530 margine
1677 2493 1706 2521 la

221 2535 347 2571 margine
367 2537 435 2564 aliis
1000 2538 1107 2566 dizione
1126 2539 1231 2574 giusta.

196 2581 207 2598 ⁴
227 2580 281 2608 ΡΡ,
301 2581 420 2608 minime
441 2583 535 2610 lancea
556 2583 584 2610 in
605 2583 673 2611 bene
966 2584 988 2601 ¹⁶
1006 2582 1058 2610 Nei
1078 2583 1135 2611 cod.
1154 2584 1243 2612 urbis.
1264 2584 1319 2613 Cic..
1338 2583 1367 2611 in
1386 2583 1511 2620 margine
1531 2583 1632 2620 giustO.

197 2625 209 2642 ⁵
228 2625 314 2652 Senza
334 2625 376 2653 rei
395 2626 471 2655 Ram.

1843 988 1845 1055 ἐ

1841 1059 1845 1140 l
