1845 3076
769 202 904 225 eris-rote
1541 194 1595 225 177

85 289 204 319 antea'
236 286 352 318 multas
383 286 557 317 occasiones
587 295 733 326 prospere
763 285 923 326 pugnandi
945 286 1027 318 elabi
1056 286 1195 317 consulto
1220 286 1341 317 sivisses
1355 287 1374 322 ἵ,
1402 296 1441 317 ne
1463 287 1518 317 abs
1540 290 1571 318 te
1587 288 1598 303 ³

83 343 220 385 injuriae
240 353 334 375 causa
353 348 410 374 aut
430 342 505 374 belli
526 342 650 373 initium
671 346 776 374 ortum
796 342 975 379 videretur3
997 346 1072 374 tunc
1092 348 1128 374 tu
1149 343 1202 383 qui
1224 343 1371 374 minime‘
1394 343 1592 380 decrevisses,

83 401 302 432 necessitatem
324 409 448 440 pugnae
468 399 591 431 subiisti
602 400 622 436 ⁵,
645 402 686 436 et,
707 410 777 430 cum
798 400 924 430 minimo
946 400 976 430 id
993 404 1149 440 spectares
1160 400 1180 437 ⁶,
1201 403 1327 431 coactus
1350 410 1381 431 es
1402 400 1598 431 defendendo

84 457 216 494 vincere,
237 467 313 497 quos
333 456 490 488 offendere
506 456 640 488 nolebas.
665 456 785 496 Itaque,
801 459 836 487 ut
856 457 918 487 vim
931 456 1107 496 repelleres.
1130 457 1292 488 victoriam
1306 457 1454 494 retulisti,
1468 460 1500 488 et
1516 467 1593 497 quos

84 514 233 554 pacatos⁷
263 514 351 545 abire
385 513 521 545 malebas
535 514 555 550 ⁸,
580 513 696 544 invitus
717 523 817 553 paene
832 515 852 549 ²¹,
881 513 988 544 vicisti.
1015 514 1093 545 ‚Iure
1122 515 1217 553 igitur
1239 514 1311 544 victi
1332 517 1415 550 sunt,
1447 515 1595 554 quoniam

84 571 260 611 cupiditate
280 571 423 602 vincendi
445 574 521 602 nata
543 574 589 602 est
611 570 651 601 ab
673 570 716 601 eis
737 570 872 610 primum
889 571 908 587 ¹¹¹
930 571 1054 610 injuria.
1078 570 1159 608 Quid
1181 571 1272 607 enim,
1294 571 1318 601 si
1341 572 1530 610 imparatum
1553 571 1595 602 of-

85 627 263 659 fendissent.
287 626 483 668 Quamquam
506 638 568 659 non
590 627 679 659 facile
702 628 760 658 sub
775 627 831 658 tali
854 626 932 658 duce
951 630 1072 667 possent
1093 628 1200 667 copiae
1221 628 1396 667 imparatae
1417 628 1549 668 reperiri
1566 629 1594 659 ¹¹.

84 685 150 716 Aut
162 684 265 715 sinon
285 686 375 715 tanto
395 685 498 716 studio
513 685 579 724 ejus
594 685 727 724 vestigia
746 684 853 715 classis
873 684 1077 721 observasses,
1100 685 1215 715 alicubi
1231 686 1379 724 profecto,
1401 686 1455 716 ubi
1470 685 1598 717 minime

83 751 162 782 opus
181 744 260 779 erat,
278 741 429 782 insignem
452 741 591 782 aliquam
612 741 733 773 cladem
754 737 941 773 edidissent.¹
962 741 1051 772 Nunc
1072 745 1177 773 autem
1202 742 1279 773 bene
1303 742 1397 773 habet
1419 742 1499 773 illud
1522 742 1596 774 'l'ra-

84 798 174 839 goedi
202 798 354 830 Senecae:
385 798 530 838 Sequitur
550 810 571 830 a
592 801 673 838 teryo
700 799 844 838 superbos
871 800 965 830 victor
996 799 1086 830 Deus.
1115 799 1184 830 Non
1208 800 1267 830 suit
1288 802 1394 830 tamen
1424 800 1523 830 facilis
1543 803 1600 831 aut

84 856 250 887 incruenta
280 855 409 887 victoria
423 856 462 886 ¹²:
493 856 556 887 lmo
577 866 649 887 vero
670 855 805 887 militum
834 857 982 896 utrinque
1012 857 1161 887 virtutem
1178 857 1199 873 ¹³
1226 856 1486 897 l1in1=agnoscere
1515 857 1599 893 licet,

84 913 168 952 quod
184 913 204 930 ¹⁴
226 922 282 944 nec
303 912 359 950 illi,
381 913 440 944 nisi
460 916 601 944 extrema
622 914 650 944 vi
671 913 804 950 subacti,
825 914 888 945 aud
909 916 1080 954 potuerunt
1101 914 1179 953 capi„
1201 918 1257 945 aut
1280 915 1386 953 sugere
1405 914 1424 930 ¹⁵
1445 915 1599 945 sustinue-

85 972 170 1007 runt,
190 973 221 1001 et
242 970 289 1001 tui
311 969 359 1001 vel
381 971 459 1002 mori
486 971 590 1010 potius
611 970 659 1002 vel
681 972 804 1002 vincere
832 971 1004 1002 decrevisse
1026 971 1207 1002 viderentur
1223 972 1243 988 ¹⁶
1272 972 1355 1011 quod
1372 972 1392 988 ¹⁷
1420 974 1486 1002 tam
1509 971 1600 1002 multi

84 1027 219 1059 vulnera
240 1038 278 1059 ex
299 1038 405 1068 pugna
426 1027 613 1059 retulerunt.
634 1028 681 1059 Tu
697 1031 803 1059 autem
826 1028 990 1068 utriusque
1005 1032 1036 1059 et
1051 1029 1165 1060 summi
1187 1029 1274 1059 (lucis
1296 1032 1327 1059 et
1347 1029 1468 1059 strenui
1491 1028 1599 1059 militis

84 1086 118 1117 in
140 1087 197 1118 hac
218 1096 324 1126 pugna
352 1089 458 1126 partes
478 1086 582 1117 obiisti
597 1086 628 1123 ¹⁸,
654 1096 738 1117 nunc
759 1086 859 1117 multa
879 1090 948 1117 arte
973 1087 1157 1127 imperando
1182 1087 1261 1124 aliis,
1290 1097 1373 1117 nuuc
1399 1087 1464 1126 ipse
1485 1086 1602 1117 acriter

84 1144 265 1184 pugnando,
293 1147 398 1184 atque,
427 1147 463 1174 ut
483 1147 538 1175 tuo
559 1143 667 1181 ductu,
696 1144 742 1174 ita
762 1147 794 1174 et
814 1154 870 1184 per
897 1147 987 1175 tuum
1013 1145 1205 1185 sauguinem.
1236 1144 1364 1176 victoria
1385 1147 1477 1183 parta
1506 1146 1551 1174 est
1569 1144 1598 1174 ι’),

85 1201 212 1243 Fugasti
240 1203 348 1243 itaque
375 1203 486 1234 ducem
507 1203 597 1233 illum
625 1205 690 1233 tam
712 1203 843 1239 clarum,
871 1206 996 1242 partem
1023 1203 1153 1242 caepisti
1174 1203 1310 1236 navium,
1340 1203 1480 1243 purgasti
1503 1213 1598 1241 mare,

86 1259 249 1291 victoriam
270 1260 445 1300 reportasti.
469 1260 558 1291 Unde
578 1262 748 1291 renovatur
768 1260 917 1290 memoria
938 1269 1043 1290 rerum
1065 1263 1160 1291 antea
1181 1271 1237 1300 per
1257 1264 1288 1291 te
1310 1264 1480 1299 gestarum,
1503 1264 1544 1298 et,
1561 1271 1599 1293 ex

84 1317 264 1349 recentibus
291 1317 482 1355 vulneribus,
510 1321 660 1354 veterum,
689 1327 770 1357 quae
797 1317 871 1348 olim
899 1328 955 1357 pro
975 1321 1032 1349 tua
1052 1318 1227 1357 Republica
1255 1317 1422 1358 pertulisti,
1451 1318 1600 1358 frequens

83 1374 258 1407 recordatio
287 1375 388 1406 mult-a
414 1385 486 1406 cum
513 1375 607 1406 laude
628 1374 754 1406 vocibus
781 1374 942 1406 hominum
970 1375 1158 1406 celebratur.
1185 1376 1274 1414 Quae
1293 1379 1367 1407 sunt
1387 1375 1519 1407 totidem
1540 1376 1599 1407 tibi

83 1435 288 1464 monumenta
308 1433 349 1464 ad
370 1433 590 1464 aeternitatem
613 1432 725 1469 famae,
747 1432 910 1472 omnisque
932 1433 1031 1464 futuri
1053 1433 1121 1464 aevi
1142 1434 1324 1465 memoriam
1340 1434 1370 1464 ²⁰.
1393 1433 1480 1465 Vale.

89 2193 99 2210 ¹
118 2192 165 2221 Gr.
184 2193 251 2220 ante
859 2193 879 2210 ¹¹
899 2191 952 2220 266
972 2192 1127 2226 imperatae
1145 2193 1314 2228 σοηῳενιῖνιῖς
1334 2193 1386 2221 408
1403 2194 1558 2229 comperiri

88 2237 101 2254 ²
118 2235 174 2265 ΡΡ.
192 2236 233 2264 R..
252 2236 298 2264 ΒΓ.
319 2235 380 2264 ΡΜ.
398 2235 460 2271 266,
479 2234 541 2271 408,
561 2235 608 2263 Gr.
627 2235 756 2264 scivisse-5
857 2237 878 2254 ¹²
898 2236 953 2263 ΡΡ.
974 2236 1019 2265 Br.
1041 2236 1102 2264 PM.
1122 2238 1168 2265 Gr.
1189 2246 1223 2264 ca
1243 2238 1363 2266 victoria

87 2281 99 2299 ³
118 2280 166 2309 Gr.
186 2288 235 2308 nec
251 2280 304 2308 abs
322 2281 347 2308 be
857 2282 878 2298 ¹⁸
896 2281 957 2316 266,
976 2280 1029 2308 408
1050 2282 1169 2309 virtutes

88 2326 100 2343 ⁴
118 2325 164 2354 ΒΥ.
178 2324 233 2352 ΡΡ.
247 2325 342 2352 tamen
355 2332 459 2359 quamn
477 2323 523 2353 Gr.
537 2323 598 2351 PM.
613 2325 708 2352 tamen
720 2333 821 2360 quanm
859 2325 880 2342 ¹⁴
900 2325 955 2352 ΡΡ.
976 2326 1047 2359 quia

111 2369 182 2398 Mur.
202 2370 230 2397 et
253 2377 342 2404 quum
366 2368 500 2404 minim&
526 2368 586 2404 266,
611 2368 663 2396 408
682 2370 713 2396 tu
731 2377 821 2404 quum
857 2370 880 2387 ¹⁵
899 2368 944 2397 Gr.
972 2370 1016 2397 ΒΓ.
1043 2370 1103 2398 PM.
1130 2371 1185 2399 PF.
1212 2372 1350 2399 omettono
1375 2372 1500 2407 f'uyare3
1526 2371 1603 2401 Ram.

111 2413 230 2441 minime
894 2413 997 2448 layum

88 2459 100 2476 ⁵
116 2458 162 2486 ΒΓ.
181 2457 243 2486 PM.
262 2457 318 2486 ΡΡ.
336 2457 440 2486 subisti
857 2459 878 2475 ¹⁶
899 2457 945 2486 Gr.
966 2458 996 2486 R.
1017 2458 1062 2486 ΒΓ.
1083 2458 1144 2486 PM.
1166 2459 1220 2487 ΡΡ.
1242 2460 1375 2487 videntur

87 2503 99 2520 ⁵
115 2502 186 2530 Mur.
205 2502 306 2531 omette
324 2501 361 2530 da
377 2510 444 2530 cum
461 2510 479 2530 a
496 2502 638 2537 spectares
857 2503 880 2520 ¹⁷
901 2502 956 2530 ΡΡ.
976 2502 1045 2537 qaia

87 2548 98 2565 ⁷
117 2547 172 2575 ΡΡ.
185 2548 292 2582 pacato
858 2547 881 2565 ¹⁸
900 2547 946 2574 Gr.
966 2546 998 2575 R.
1017 2547 1063 2574 ΒΓ.
1084 2547 1145 2576 PM.
1165 2548 1219 2576 ΡΡ.
1239 2549 1326 2577 obisci

89 2595 102 2613 ⁸
116 2591 164 2620 Gr.
183 2591 238 2620 ΡΡ.
259 2591 305 2621 Br.
323 2591 385 2620 PM.
405 2591 466 2627 266,
485 2591 563 2621 Ram.
582 2590 697 2620 volebas
859 2591 881 2609 ¹⁹
899 2590 976 2618 Ram.
995 2593 1102 2625 parata
1121 2592 1161 2619 sit

87 2637 100 2655 ⁹
117 2635 164 2665 Gr,
182 2635 308 2664 invictus
318 2643 413 2672 poene
857 2636 880 2653 ²⁰
899 2635 944 2663 Br.
964 2635 1025 2664 PM.
1045 2636 1100 2665 ΡΡ.
1115 2636 1167 2665 266
1186 2638 1325 2666 memoria
1343 2640 1536 2677 sempiterna3
1556 2640 1602 2669 Gr.

75 2681 98 2699 1⁰
116 2680 189 2710 Mur,
202 2680 304 2716 prima
895 2687 909 2707 ο
928 2679 1006 2709 Ram.
1024 2681 1194 2710 memoriam
1211 2682 1418 2719 senwc'ternam

1482 2737 1518 2765 23
