1845 3076
747 177 883 200 emsrots
1513 172 1570 203 149

72 259 264 300 Aliquandiu
275 259 376 301 gravis
389 270 493 300 pugna
504 260 646 292 intereos
661 261 668 278 ¹
686 260 752 298 fuit,
764 271 895 301 cumque
910 261 1007 292 multo
1022 262 1172 301 sanguine
1187 266 1341 294 certatum
1357 266 1410 294 est.
1426 263 1569 295 Succum-

69 317 214 349 bentibus
227 317 354 348 tandem
365 318 376 334 ‘·'
394 317 465 355 illis,
481 328 549 348 cum
564 318 664 348 multa
684 328 809 349 suorum
823 321 926 358 strage
942 319 1023 350 inter
1043 319 1166 351 moenia
1181 320 1331 359 compulsi
1352 322 1433 351 sunt.
1451 320 1568 351 ibidem

71 374 214 406 dominus
238 374 342 406 Comes
362 374 398 406 de
421 374 583 411 Carraria,
610 375 662 414 qui
686 374 802 414 primus
817 377 827 391 ³¹
854 385 975 414 semper
1002 376 1033 406 in
1061 377 1143 407 omni
1171 379 1342 408 certamine
1369 378 1490 414 aderat,
1511 378 1569 409 sub

69 431 166 463 muris
187 431 335 463 acerrime
356 431 515 468 dimicanS,
529 432 592 462 ictu
607 432 740 470 sagittae
760 432 791 461 in
815 432 957 463 bracchio
978 434 1159 472 perstrictus
1180 438 1234 465 est.
1259 435 1363 465 Comes
1383 435 1419 466 dc
1439 435 1570 475 Anquil-

70 489 163 525 laria,
190 498 352 519 romanum
380 488 560 527 sanguinem
581 488 731 525 redolens,
753 489 806 528 qui
822 489 830 505 ⁴
853 492 978 520 strenue
1000 490 1043 521 ibi
1063 495 1267 530 pugnaverat,
1289 491 1321 521 in
1342 495 1435 530 ponte
1462 492 1570 532 Bergo-

71 545 179 583 mensi,
199 556 269 577 cum
290 555 404 585 magna
418 545 550 576 hostium
572 546 749 585 ignominia,
770 545 900 577 militiae
922 547 1053 586 insignia
1075 548 1208 587 adeptus
1224 551 1277 578 est.
1302 548 1433 579 Dimisso
1448 548 1570 588 oppido,

71 603 218 643 quoniam
245 613 306 633 non
334 605 484 633 venerant
502 602 621 633 obsides
633 603 652 640 ⁵,
672 606 815 643 caeptum
838 604 898 635 iter
920 606 1042 644 urgent,
1064 608 1159 643 atque
1182 614 1303 634 amnem
1325 605 1458 644 petitum
1478 605 1570 635 attin-

69 662 156 700 gunt.
172 658 239 697 Quo
253 659 476 699 pervenientes,
497 659 638 699 vadaque
653 660 673 697 ⁶,
695 660 808 699 quibus
833 661 1005 700 transgredi
1022 664 1154 700 possent,
1168 662 1384 700 perquirentes
1403 661 1531 692 sollicite
1549 662 1568 698 ⁷,

69 716 110 748 ad
131 716 278 756 oppidum
300 715 456 756 quoddam
478 716 509 746 in
530 726 605 757 agro
626 717 846 748 mediolanensi
869 717 1057 757 (Pandinum
1080 718 1105 748 ei
1128 728 1238 748 nomen
1260 719 1330 757 est),
1349 718 1448 748 locum
1470 728 1570 749 amoe-

68 773 237 810 nissimum,
252 776 467 813 secretumque
482 773 668 811 nemoribus,
690 774 826 804 veniunt.
845 774 911 811 Quo
928 774 985 805 loci
1005 774 1146 805 dominus
1157 776 1167 791 ³³
1183 775 1351 812 Bernahos,
1367 784 1470 805 rerum
1495 775 1568 806 olim

70 841 197 863 suarum
213 830 443 871 magnificentia
458 831 641 868 notissimus,
652 831 791 871 sepositis
802 831 877 862 belli
893 831 983 868 curis,
996 832 1127 862 venandi
1143 832 1245 871 gratia
1258 832 1397 863 conferre
1411 842 1441 861 se
1454 841 1568 862 vacuus

69 887 197 919 solebat.
226 887 334 919 Edocti
363 888 474 919 deinde
496 898 552 927 per
577 888 692 919 incolas
720 888 785 928 ejus
805 889 947 928 regionis,
975 888 1180 928 ductoresque
1200 899 1278 925 suos,
1308 899 1368 919 non
1394 899 1480 929 posse
1501 891 1570 920 tuto

70 945 236 976 violentiae
257 945 356 976 amnis
377 955 408 976 se
429 945 633 979 committere.
655 946 801 985 quoniam
823 949 855 976 et
869 948 979 985 suapte
1001 949 1115 976 natura
1136 947 1325 985 impetuosus
1339 949 1371 976 et
1391 945 1566 985 liquefactis

70 1002 187 1033 aestivo
213 1002 276 1033 sole
297 1002 419 1033 nivibus
430 1003 441 1018 ⁹
461 1002 550 1034 solito
564 1003 713 1034 tumidior
728 1005 816 1040 esset,
837 1006 941 1034 castra
957 1003 977 1019 ¹⁰
999 1003 1113 1034 ibidem
1127 1006 1296 1043 posueruut
1315 1004 1344 1033 ¹¹.
1370 1003 1413 1033 Hx
1428 1003 1566 1041 adverso,

68 1060 222 1091 exercitus
248 1059 393 1096 hostium,
421 1060 516 1091 nostri
536 1060 665 1100 vestigia
692 1060 883 1099 insequutus,
904 1070 964 1090 non
992 1060 1082 1099 longe
1102 1070 1134 1090 se
1155 1071 1187 1090 se
1203 1061 1223 1077 ¹²²
1251 1060 1340 1091 locat.
1363 1060 1434 1091 Dux
1454 1063 1567 1097 noster,

68 1119 214 1156 expertus
234 1117 335 1148 altero
357 1117 438 1148 bello
459 1117 606 1148 adversus
623 1117 767 1148 eumdem
787 1117 915 1154 hostem,
938 1127 1082 1157 magnam
1105 1117 1338 1148 multitudinem
1358 1118 1460 1157 parvis
1475 1117 1568 1157 copiis

70 1184 156 1215 posse
176 1174 327 1214 superari,
349 1177 515 1214 certusque
529 1174 623 1205 animi
646 1184 773 1205 suorum
794 1174 938 1210 militum,
960 1174 1072 1214 quibus
1087 1175 1151 1214 ipse
1174 1175 1309 1205 locorum
1331 1174 1493 1214 angustiae
1513 1174 1571 1204 vir-

68 1234 169 1263 tutem
186 1232 206 1248 ¹³
227 1232 395 1270 addebant,
410 1232 550 1263 adhibito
572 1234 694 1262 maturo
714 1231 847 1268 consilio,
868 1231 1016 1269 hostibus,
1037 1242 1071 1262 eo
1094 1242 1176 1262 more
1191 1242 1252 1271 quo
1267 1231 1392 1262 solitum
1413 1234 1468 1268 est,
1490 1231 1569 1262 ordi-

65 1289 187 1320 nariam
208 1299 343 1329 pugnam
364 1289 481 1320 indicit.
503 1289 623 1325 Hostes,
646 1289 692 1319 uti
714 1289 791 1319 facie
813 1289 1077 1328 praeseferebnnt,
1093 1289 1166 1319 laeti
1188 1289 1387 1328 accipiunt¹⁴,
1410 1288 1570 1328 missisque

68 1346 216 1386 utrinque
237 1346 343 1383 literis,
365 1349 550 1377 conventum
573 1349 629 1382 est,
651 1349 686 1376 ut
700 1356 738 1377 ex
760 1349 892 1385 utroque
916 1346 1053 1376 exercitu
1077 1346 1223 1385 quaterni
1237 1356 1274 1376 ex
1290 1345 1475 1385 primoribus
1495 1345 1570 1376 deli-

71 1407 229 1444 gerentur,
244 1403 307 1443 qui,
324 1414 392 1434 cum
409 1403 570 1443 sexaginta
584 1403 733 1434 militibus
752 1404 784 1433 in
800 1404 933 1434 mediam
947 1404 966 1420 ¹⁵
982 1405 1139 1434 venientes
1154 1403 1264 1439 locum,
1287 1403 1429 1442 diemque
1446 1412 1569 1442 pugnae

70 1463 246 1492 statuerent
262 1461 291 1491 ¹⁶.
326 1460 476 1491 Dominus
492 1461 512 1477 ¹⁷
534 1460 674 1491 Miehael
693 1461 729 1491 de
751 1460 908 1499 Ralzai‘lea,
930 1471 949 1491 a
969 1461 1057 1500 eujus
1078 1460 1255 1491 salubribus
1283 1459 1413 1490 consiliis
1441 1459 1575 1490 universi

67 1518 221 1549 exercitus
241 1517 324 1549 salus
346 1517 511 1557 pendebat,
526 1517 564 1548 de
578 1518 689 1549 nostris
711 1517 829 1557 primus
851 1517 967 1548 electus
989 1520 1043 1554 cst,
1059 1519 1112 1557 qui
1133 1517 1260 1557 reliquis
1282 1517 1447 1547 comitatus
1467 1517 1571 1555 hujus-

66 1574 150 1606 modi
162 1575 337 1615 pactionem
352 1575 454 1606 iniret.
478 1575 523 1606 De
539 1575 670 1606 caeteris
691 1577 883 1614 compertum
898 1585 959 1606 non
973 1575 1080 1606 habeo.
1104 1575 1227 1605 Interea
1241 1574 1346 1611 nostri,
1364 1584 1425 1613 qno
1441 1573 1572 1605 liberius

66 1632 303 1670 frumentatum,
318 1633 555 1673 quaesitumque
569 1643 625 1673 pro
642 1633 728 1673 equis
743 1633 859 1673 pabula
874 1633 919 1664 ire
934 1636 1066 1672 possent,
1081 1643 1250 1673 parumper
1263 1634 1283 1650 ¹³⁴
1304 1636 1386 1664 retro
1400 1637 1570 1665 cesserunt.

65 1690 111 1721 Ea
125 1700 174 1722 res
184 1690 379 1722 detrectandi
392 1690 413 1708 ¹⁹
432 1701 579 1730 pugnam,
591 1693 627 1722 ut
642 1691 697 1730 qui
710 1691 790 1722 forte
801 1691 823 1707 ²⁰
837 1691 885 1722 vel
900 1694 985 1721 metu
1000 1690 1047 1721 vel
1063 1691 1181 1731 injussu
1195 1691 1241 1721 sui
1256 1691 1403 1730 principis
1417 1691 1448 1721 id
1464 1691 1567 1722 facere

65 1757 127 1779 non
147 1747 309 1786 auderent,
330 1758 456 1779 causam
471 1748 610 1779 hostibus
624 1747 719 1785 dedit,
741 1748 952 1779 asserentibus
973 1747 1044 1785 illis,
1058 1758 1119 1778 nou
1140 1748 1241 1779 teneri
1255 1757 1287 1778 se
1306 1748 1377 1788 jure
1399 1748 1473 1779 belli
1486 1749 1507 1765 ‘²¹
1529 1747 1571 1779 ad

43 1804 46 1806 ⁷
66 1804 236 1835 ineundam
250 1815 396 1845 pugnam,
417 1805 473 1835 nisi
489 1805 529 1836 ad
545 1805 678 1836 eundem
700 1805 810 1842 locum,
824 1815 843 1836 a
858 1816 919 1845 quo
940 1805 1058 1836 indicta
1069 1806 1091 1821 Ἠ
1107 1805 1149 1835 eis
1164 1805 1276 1841 fuerat,
1292 1808 1404 1842 castra,
1419 1805 1570 1845 signaque

68 1862 232 1893 referrent.
254 1862 321 1893 Hac
342 1862 452 1893 frivola
473 1862 699 1893 interveniente
720 1862 908 1902 exceptione,
931 1872 979 1893 res
1000 1862 1116 1893 infecta
1136 1862 1234 1893 desiit.
1262 1861 1441 1901 Numquam
1463 1864 1568 1893 tamen

63 1919 146 1950 inter
166 1919 243 1950 haec
262 1922 415 1950 cessatum
436 1922 492 1956 est,
514 1919 590 1959 quin
611 1919 750 1959 quotidie
770 1922 972 1959 pugnaretur.
996 1919 1040 1950 Ea
1061 1922 1167 1950 autem
1188 1919 1248 1949 fuit
1271 1922 1302 1949 et
1322 1919 1444 1949 virtutis
1467 1923 1499 1950 et
1520 1929 1570 1950 ne-

68 1977 220 2008 cessitatis
246 1979 311 2007 tam
331 1976 438 2008 efficax
458 1977 613 2013 violentia,
644 1980 679 2007 ut
699 1987 821 2016 semper
842 1987 911 2008 cum
932 1977 1042 2017 majori
1070 1977 1204 2008 hostium
1227 1979 1329 2015 strage
1352 1979 1383 2007 et
1403 1976 1572 2007 manifesta

65 2034 194 2066 victoria
213 2034 245 2064 in
265 2037 369 2065 castra
397 2034 495 2065 nostri
521 2034 768 2074 regrederentur.
796 2034 846 2065 Illi
867 2045 948 2072 vero,
975 2037 1012 2065 ut
1037 2034 1241 2065 diminutione
1272 2033 1419 2064 continua
1453 2036 1572 2064 nostros

78 2128 86 2144 ¹
106 2127 152 2155 Gr.
171 2135 253 2154 senza
271 2127 347 2154 inter
366 2134 412 2154 eos
840 2128 861 2145 ¹³³
880 2127 924 2154 ΒΓ.
945 2127 1005 2155 ΡΜ.
1026 2127 1092 2154 Reff.
1112 2136 1125 2153 e
1150 2127 1220 2154 Mur.
1245 2126 1394 2161 cmyustiae
1421 2125 1574 2161 virtutem3

75 2172 87 2189 ²
105 2171 150 2200 Gr.
172 2173 265 2199 tamen
284 2179 333 2206 per
352 2171 462 2199 tandem
874 2171 929 2199 PP.
949 2171 1078 2198 animum

76 2216 86 2233 ³
104 2215 165 2244 PM.
185 2217 210 2251 1,
230 2224 244 2244 e
263 2215 322 2243 dice
342 2215 416 2249 forle
429 2216 545 2250 primus
838 2216 858 2233 ¹⁴
878 2214 945 2243 Reff.
966 2215 1109 2249 acceptant

76 2259 87 2277 ⁴
107 2260 160 2288 PP.
180 2260 248 2295 qui,·
268 2260 337 2288 Mur.
356 2260 424 2295 qnia
836 2261 858 2278 ¹⁵
878 2260 923 2288 ΒΥ.
945 2259 1067 2287 mediam
1080 2258 1252 2293 planicien13
1273 2258 1328 2286 PP.
1347 2257 1458 2292 plenam

75 2304 86 2322 ⁵
104 2304 171 2333 Reff.
191 2304 316 2332 obsidere
838 2306 859 2323 ¹⁶
879 2305 923 2332 Br.
942 2305 1107 2331 statuerunt

75 2349 86 2366 ⁶
105 2348 149 2376 Br.
169 2348 215 2377 Gr.
234 2357 248 2376 e
267 2349 326 2376 PM.
346 2349 436 2383 ταιῐας
456 2349 510 2377 ΡΡ,
528 2349 724 2383 provenientes
839 2350 859 2366 ¹⁷
881 2349 926 2376 Gr.
947 2356 1026 2375 senza
1046 2348 1119 2376 dom.

76 2393 86 2410 ⁷
106 2392 151 2421 Gr.
164 2393 374 2428 perquirentes,
394 2393 514 2421 sollicite
839 2394 860 2411 ¹⁸
878 2393 948 2420 Mur.
975 2400 1043 2427 poue
1070 2393 1157 2426 prima
1182 2391 1210 2418 di
1230 2399 1394 2426 parumque
1419 2390 1437 2418 il
1457 2391 1541 2425 punto
1561 2398 1574 2417 e

75 2437 87 2454 ⁸
105 2436 151 2465 Gr.
171 2444 251 2464 senza
270 2437 342 2465 dom.
872 2437 979 2473 virgola

75 2481 86 2499 ⁹
105 2480 171 2510 Reff.
192 2481 313 2516 aestivo3
333 2482 387 2510 PP.
407 2481 476 2509 solis
496 2481 608 2510 nivibus
841 2483 862 2499 ¹⁹
881 2482 927 2510 Gr.
946 2481 1124 2509 detractandi

65 2526 86 2543 ¹⁰
106 2525 152 2553 Gr.
172 2526 249 2554 esset.
273 2525 376 2554 Castra
837 2527 859 2544 2⁰
880 2526 940 2554 PM.
960 2526 1040 2553 nota:
1061 2525 1136 2558 forte
1154 2532 1252 2553 (msam

65 2570 85 2587 ¹¹
105 2569 151 2597 Gr.
163 2571 327 2604 posuerunt
345 2578 379 2598 ea:
395 2570 514 2598 adverso
838 2571 859 2588 ‘²¹
880 2571 925 2598 Br.
945 2578 958 2597 e
978 2570 1024 2597 Gr.
1043 2569 1244 2603 asserentibus,
1268 2576 1296 2596 se
1314 2575 1373 2595 non
1397 2567 1486 2595 teneri
1505 2566 1577 2601 jure

65 2614 86 2631 ¹²
105 2613 150 2642 Br.
170 2621 184 2641 e
204 2613 264 2643 PM.
284 2621 301 2641 a
320 2621 349 2642 se
876 2614 941 2642 belli

835 2661 857 2677 ‘²²
877 2659 922 2686 ΒΓ.
943 2658 1079 2686 indiction
