1845 3076
234 147 292 177 136
863 155 888 178 P.
911 155 938 178 P.
958 155 1107 178 vEReEmo

924 321 1034 354 XCIII.

617 413 788 445 COLUCIO
810 414 930 445 PETRI
951 414 1005 445 DE
1025 413 1245 446 SALUTATIS
1265 414 1293 446 S.
1316 415 1353 446 D.

742 497 869 527 PADUAE,
890 497 965 520 xvm
985 497 1119 528 Aueus‘ri,
1141 489 1226 520 1391.

469 564 577 599 (Bnp.
598 565 656 598 65‚·
675 580 710 584 —
733 564 784 592 Gr.
804 573 826 593 c.
846 564 921 597 11&
941 580 973 584 -
993 563 1064 592 PM.
1083 572 1105 592 0,
1125 565 1184 592 127
1199 566 1236 597 t.,·
1259 581 1288 583 —
1308 565 1370 592 PP.
1390 573 1418 593 n.
1437 565 1494 599 19.)

309 660 404 692 Pater
422 660 548 700 optime,
569 670 640 692 cum
661 660 694 691 in
714 662 850 691 mentem
871 660 965 698 venit,
987 670 1082 700 quam
1100 660 1254 701 jucundos
1275 670 1439 698 sermones,
1462 671 1617 701 quamque
1637 661 1737 692 laetos

230 719 296 749 dies
316 728 409 759 agere
423 720 527 749 tecum
547 717 655 749 solitus
670 717 736 755 sim,
759 718 888 749 moleste
907 718 973 748 sero
987 717 1070 758 quod
1085 728 1104 748 a
1117 720 1150 748 te
1163 728 1247 748 nunc
1267 717 1375 755 absim,
1396 718 1461 749 sine
1476 728 1537 758 quo
1557 718 1646 749 nulla
1659 718 1736 750 mihi

231 776 296 807 vita
315 775 416 806 suavis
431 776 439 792 ¹
460 785 523 806 esse
544 777 653 814 potest.
676 773 779 813 Quum
801 775 884 806 enim
904 775 950 805 ita
971 774 1009 806 de
1030 775 1124 806 rebus
1144 775 1222 805 meis
1241 775 1443 812 instituerim,
1464 779 1510 812 ut,
1537 775 1736 815 obstrepente

230 832 473 873 quamtumlibet
493 833 630 870 fortuna,
653 842 734 872 quae
753 842 875 871 semper
896 832 1076 863 salubribus
1096 832 1231 864 consiliis
1253 833 1417 864 adversam
1433 833 1443 849 ²
1464 843 1497 864 se
1517 833 1614 872 ponit,
1627 832 1737 863 distra—

232 890 443 930 hentibusque
463 890 602 926 caeteris,
624 889 691 929 ipse
711 890 744 920 111
764 889 843 920 bene
857 889 979 919 vivendi
1001 899 1105 920 arcem
1119 899 1168 920 me
1190 889 1357 926 conferam,
1378 892 1413 920 tu
1427 889 1508 920 solus
1529 890 1605 920 mihi
1626 892 1736 929 potens

231 948 313 978 visus
334 957 375 985 05,
396 947 450 987 (1111
470 949 539 978 tute
561 946 709 987 pavidum
723 947 734 963 ³
761 947 1024 986 oberrantemque
1045 946 1078 976 in
1098 946 1181 977 hunc
1202 946 1331 977 beatum
1352 946 1454 977 locum
1476 947 1646 978 induceres.
1678 947 1736 978 Oui

233 1005 314 1037 enim
335 1004 463 1036 liberius
483 1004 671 1035 fidentiusve
692 1004 910 1035 commissurus
931 1013 981 1034 me
1001 1013 1107 1040 essem,
1129 1006 1186 1034 aut
1207 1004 1276 1043 quis
1298 1003 1419 1035 fidelius
1441 1004 1479 1035 de
1500 1004 1559 1035 hac
1579 1014 1612 1035 re
1631 1014 1739 1036 consu-

230 1062 295 1093 lere
316 1062 564 1102 prudentiusque
584 1061 751 1092 admonere
771 1064 884 1100 posset,
905 1071 1001 1101 quam
1022 1061 1047 1091 is
1069 1061 1124 1100 qui
1144 1061 1227 1092 idem
1247 1063 1279 1092 et
1299 1071 1417 1094 summe
1439 1061 1539 1093 bonus
1562 1064 1593 1092 et
1613 1072 1734 1093 summe

231 1119 340 1151 doctus
360 1119 408 1149 vir
428 1119 530 1150 esset?
550 1118 593 1150 Te
614 1118 721 1158 itaque
742 1118 861 1154 ducem,
890 1120 921 1149 te
942 1121 1177 1158 praeceptorem
1198 1118 1281 1149 vitae
1302 1128 1390 1149 meae
1412 1121 1442 1149 et
1463 1129 1604 1150 mearum
1630 1129 1737 1149 rerum

230 1177 387 1213 constitui,
408 1177 496 1217 cujus
516 1176 613 1207 ductu
635 1178 666 1206 et
687 1175 832 1215 auspiciis
852 1185 963 1206 aevum
984 1175 1051 1212 1100,
1080 1175 1382 1215 quatulumcumque
1412 1176 1554 1207 futurum
1577 1178 1632 1212 est,
1661 1176 1737 1207 inof-

230 1234 355 1265 fensus⁴
377 1233 557 1274 transigam.
579 1232 788 1271 Quamobrem
809 1242 921 1273 magno
937 1232 1014 1263 mihi
1034 1232 1185 1263 beneficio
1205 1235 1339 1264 naturae
1359 1233 1469 1264 datum
1482 1233 1628 1270 arbitror,
1645 1234 1738 1274 quod,

230 1294 262 1322 te
284 1291 415 1329 vivente,
446 1291 500 1331 qui
526 1290 669 1331 princeps
695 1290 949 1330 philosophorum
978 1290 1071 1330 hujus
1100 1289 1215 1321 saeculi
1239 1300 1280 1327 eS,
1308 1290 1393 1321 nasci
1414 1290 1490 1322 mihi
1516 1291 1645 1331 contigit
1658 1292 1676 1321 ⁵.
1706 1290 1737 1322 Si

231 1351 386 1389 postremo
407 1351 439 1379 et
458 1347 491 1378 id
511 1358 649 1387 unquam
672 1347 800 1379 fortuna
819 1347 1003 1379 concederet
1022 1347 1105 1387 quod
1126 1347 1210 1387 apud
1230 1350 1261 1378 te
1283 1347 1427 1385 viverem,
1449 1348 1538 1389 cujus
1557 1348 1682 1379 monitis
1702 1350 1734 1380 et

231 1406 372 1446 exemplo
393 1406 486 1442 vitae,
507 1405 708 1436 cernentibus
728 1405 834 1442 oculis,
855 1404 995 1444 quotidie
1015 1407 1130 1436 memet
1156 1405 1256 1445 major
1276 1405 1446 1445 meliorque
1475 1404 1602 1437 fierem!
1631 1404 1738 1437 Sentio

229 1463 331 1503 plane,
353 1466 506 1502 quantum
526 1463 559 1493 in
580 1462 696 1493 virtute
717 1462 910 1502 profecerim,
932 1465 964 1493 te
986 1465 1122 1499 auctore,
1143 1471 1199 1502 per
1218 1462 1250 1492 id
1273 1462 1441 1501 pauculum
1455 1463 1466 1479 ⁶
1493 1463 1650 1502 temporis,
1673 1473 1734 1502 quo

231 1524 262 1551 et
282 1520 387 1552 videre
412 1522 443 1551 et
464 1519 574 1551 audire
603 1522 635 1551 te
654 1520 752 1557 licuit,
781 1530 877 1559 quum
899 1520 939 1550 ad
966 1522 1135 1560 praecepta
1161 1522 1226 1555 tua,
1256 1519 1342 1551 velut
1365 1520 1405 1550 ad
1432 1520 1737 1551 abundantissimum

229 1579 358 1615 sontem,
379 1577 557 1609 sitibundus
577 1577 722 1608 venirem.
746 1576 837 1608 Nunc
851 1578 861 1594 ⁷
883 1580 1036 1617 quantum
1056 1577 1297 1613 retrocesserim,
1320 1580 1351 1607 et
1365 1587 1384 1608 a
1398 1579 1483 1608 recto
1504 1577 1616 1608 itinere
1637 1577 1738 1608 devia-

229 1637 336 1673 verim,
358 1638 523 1675 postquam
537 1637 602 1666 ate
622 1635 756 1672 discessi,
777 1635 842 1674 ipse
864 1635 940 1665 mihi
961 1634 1099 1665 conscius
1114 1645 1191 1672 sum,
1213 1635 1266 1674 qui
1288 1635 1360 1665 hinc
1381 1634 1603 1666 blandimentis
1625 1634 1738 1665 aetatis

228 1694 301 1725 hinc
321 1703 426 1724 errore
448 1693 540 1733 hujus
560 1692 685 1728 saeculi,
706 1692 739 1722 in
760 1702 821 1732 quo
841 1692 917 1722 vitia
938 1691 1141 1728 extolluntur,
1163 1692 1297 1723 virtutes
1316 1692 1548 1729 conculcantur,
1570 1691 1733 1730 abductus,

228 1752 303 1783 meis
322 1751 488 1791 praecipue
511 1750 703 1790 urgentibus
725 1752 761 1780 ut
781 1749 873 1780 solita
893 1759 1000 1780 eorum
1022 1749 1151 1789 vestigia
1171 1750 1361 1789 insequerer,
1388 1752 1533 1789 caeptum
1553 1750 1614 1780 iter
1634 1759 1736 1790 paene

228 1809 351 1840 deserui
373 1811 404 1839 et
423 1808 455 1838 in
477 1817 654 1839 communes
681 1807 840 1847 opiniones
862 1807 927 1837 labi
947 1816 997 1837 me
1026 1806 1151 1846 permisi
1166 1807 1185 1837 ὃ.
1215 1806 1316 1837 Tanta
1337 1810 1443 1837 tamen
1465 1806 1525 1837 fuit
1546 1807 1624 1838 coeli
1651 1807 1735 1838 beni—

227 1867 339 1907 gnitas,
361 1868 530 1904 tantusque
550 1867 624 1895 tuae
646 1864 840 1896 reverentiae
862 1866 1031 1903 respectus,
1053 1866 1099 1900 ut,
1118 1863 1226 1895 multis
1248 1864 1277 1894 vi
1299 1864 1518 1902 retinentibus,
1547 1874 1736 1904 cursumque

228 1923 440 1960 turbantibus,
461 1923 575 1962 quibus
590 1923 741 1953 obsistere
755 1922 806 1952 vix
823 1921 987 1961 quisquam
1006 1921 1134 1960 valeret,
1155 1921 1276 1952 tardari
1290 1921 1454 1960 potuerim,
1467 1921 1521 1952 sed
1534 1931 1736 1961 nequaquam

229 1981 362 2012 detineri
376 1980 453 2020 quin
467 1979 593 2010 solitum
607 1979 667 2010 iter
682 1989 816 2019 agerem.
839 1978 955 2009 Crebro
970 1980 1076 2008 autem
1092 1978 1255 2018 imploravi
1270 1978 1383 2009 absens
1395 1978 1533 2009 subsidia
1545 1981 1610 2016 tua,
1631 1981 1733 2018 pater,

229 2038 343 2079 quibus
364 2037 441 2068 haec
461 2037 555 2068 noxia
575 2035 751 2068 retinacula
772 2035 979 2072 dissolverem,
1000 2038 1036 2066 ut
1057 2045 1150 2075 quem
1166 2035 1177 2051 ⁹
1197 2035 1314 2067 viribus
1336 2038 1366 2066 et
1387 2035 1565 2075 praesentia
1585 2035 1735 2076 adjuvare

229 2106 290 2127 11011
311 2098 445 2135 poteras,
466 2094 578 2125 absens
598 2093 697 2124 literis
714 2096 746 2124 et
766 2092 988 2123 monitionibus
1009 2093 1188 2123 hortareris.
1210 2092 1246 2123 In
1262 2103 1322 2132 quo
1344 2092 1479 2132 quidem,
1493 2093 1517 2123 si
1538 2092 1654 2132 pateris
1667 2093 1688 2109 ¹⁰
1703 2095 1735 2123 et

228 2154 380 2193 benignus
400 2152 523 2183 veniam
538 2151 604 2188 das,
625 2150 756 2191 paulum
771 2150 809 2181 de
824 2152 856 2181 te
871 2160 996 2189 querar,
1019 2150 1111 2189 quod,
1133 2150 1225 2181 toties
1243 2149 1355 2181 obnixe
1376 2152 1514 2190 rogatus,
1534 2152 1581 2181 tot
1596 2149 1738 2189 repetitis

227 2211 326 2242 literis
346 2210 505 2249 fatigatus,
533 2218 695 2248 nunquam
716 2207 829 2239 dedisti
859 2208 941 2247 quod
963 2207 1107 2247 legerem¹
1137 2206 1361 2247 Occupationes
1389 2209 1463 2238 tuae
1484 2217 1541 2247 pro
1561 2206 1734 2247 republica,

228 2278 306 2308 quas
327 2277 383 2298 nec
397 2265 609 2307 praetermitti
629 2265 743 2296 debere
765 2265 911 2301 arbitror,
933 2274 1029 2304 quum
1044 2264 1148 2304 patria
1169 2265 1316 2304 postulet,
1339 2264 1470 2296 nimium
1487 2264 1563 2295 mihi
1584 2264 1734 2296 adversae

239 2417 246 2432 ¹
269 2415 322 2442 PP.
341 2414 459 2442 suavius
1013 2411 1024 2427 ⁷
1043 2409 1088 2437 ΒΓ.
1108 2409 1153 2437 Gr.
1174 2418 1187 2436 0
1206 2409 1267 2437 ΡΜ.
1286 2409 1374 2437 Hunc

237 2462 248 2477 ‘—‘
268 2460 323 2487 PP.
343 2459 494 2485 adnm-sema
1011 2454 1022 2470 ⁸
1040 2453 1100 2482 PM.
1114 2454 1244 2488 permasi

238 2506 248 2522 3
268 2504 327 2531 ΓΜ.
348 2503 480 2530 ἠιϊιῗιῖαηι
1012 2499 1023 2515 ²¹
1042 2498 1094 2525 Nei
1113 2497 1198 2525 codici
1218 2498 1269 2532 (sub

237 2550 246 2566 4
269 2549 321 2576 ΡΡ,
341 2512 510 2580 inoffensius
999 2543 1019 2559 ¹⁰
1038 2542 1093 2570 PP.
1113 2543 1211 2570 omotte
1231 2541 1265 2569 da
1283 2543 1310 2569 et
1328 2541 1382 2569 fino
1402 2550 1418 2570 a
1438 2542 1526 2577 toties,
1547 2542 1579 2570 ed
1598 2543 1634 2570 ha
1651 2542 1740 2578 quim

236 2595 247 2611 ⁵
266 2592 317 2620 Naxi
336 2591 421 2620 codici
439 2590 578 2625 continuit
1069 2586 1128 2615 PM.
1148 2585 1300 2620 hanff-‘nam

235 2639 246 2655 f*
266 2637 319 2665 PP.
334 2636 494 2671 paremlzmc
