1845 3076
1534 176 1566 184 --ι

749 184 884 206 EvisioLE
1531 187 1569 207 οὓ

63 270 97 299 et
117 266 249 298 liberum
271 269 434 298 ventorum
462 276 627 298 accessum.
655 267 757 298 Aliter
778 271 883 298 tamen
904 267 943 298 de
965 271 1005 303 te,
1032 277 1067 297 ac
1093 267 1130 298 de
1152 267 1221 298 aliis
1242 267 1366 298 extimo.
1387 266 1454 298 Scio
1476 267 1568 305 enim,

66 323 150 364 quod
170 323 286 364 ubique
307 323 388 355 idem
403 333 444 360 es,
466 326 497 355 et
510 324 701 355 mansionem
723 326 810 354 tuam
831 334 892 355 non
915 324 1106 355 extrinsecus
1121 323 1174 354 sed
1195 324 1228 354 in
1249 324 1352 354 animo
1365 324 1455 364 geris,
1471 334 1566 364 quam

66 390 124 412 nec
143 379 321 420 pluviarum
350 380 514 411 inundatio
543 384 635 411 vexat
656 390 712 411 nec
740 384 905 412 ventorum
933 380 1043 412 turbat
1064 380 1206 412 insultus.
1235 380 1314 412 Illuc
1335 381 1374 412 de
1395 384 1426 412 te
1448 380 1569 420 recipis,

65 439 98 468 et
117 437 150 468 in
170 440 202 468 te
224 436 381 474 collectus,
403 447 458 468 nec
480 437 618 468 archana-
639 447 696 468 nec
716 447 797 477 quae
819 437 951 468 caeteris
975 437 1100 477 phisicis
1125 437 1282 468 intentata
1302 440 1375 468 sunt
1397 436 1571 477 profundis-

64 494 135 525 simi
154 493 271 535 ingenii
290 493 339 525 tui
358 493 459 525 ardua
486 493 700 534 speculatione
726 495 858 525 rimaris.
886 494 978 525 Nunc
998 494 1039 525 ad
1060 494 1198 525 homines
1225 494 1410 534 digrediens.
1439 494 1567 530 animoa

64 560 174 588 mores,
191 553 224 582 et
236 550 339 582 studia
360 560 481 590 pensas,
502 551 614 582 horum
634 551 855 591 inexplebilem
876 551 1051 587 avaritiam,
1073 550 1198 582 illorum
1220 551 1450 583 intolerabilem
1464 563 1569 594 super-

64 608 158 645 biam,
178 607 388 639 insatiabilem
411 607 629 648 ingluvionem‚
657 607 796 645 lamias,
818 608 891 644 iras,
914 607 1048 644 fraudes,
1074 607 1262 645 inimicitias,
1289 612 1402 639 cuncta
1422 610 1503 641 vitiis
1524 621 1572 641 oc-

63 667 188 705 cupata,
210 664 332 695 nullum
353 664 464 695 virtuti
487 665 612 704 penitus
634 665 734 696 locum
756 674 829 696 esse.
859 665 944 696 Haec
966 664 1172 701 considerans
1203 664 1287 695 doles
1308 668 1339 696 et
1361 667 1456 705 gemis
1478 671 1508 698 et
1530 667 1571 698 ad

65 721 233 752 virtutem¹
256 721 314 752 tibi
335 721 432 752 robur
450 721 589 758 assumis,
611 724 802 762 aeternaque
817 722 855 753 de
870 722 906 753 iis
918 723 938 759 ‘·'‚
960 724 996 752 ut
1010 725 1096 761 puto,
1118 721 1248 761 posteris
1270 726 1472 754 monumenta
1493 734 1572 754 com-

65 778 162 819 ponis.
190 778 277 808 Vale.
305 777 541 818 Loquacitatem
569 778 650 810 forte
678 789 778 810 meam
806 779 935 810 moleste
957 779 1044 809 feres.
1067 778 1148 809 Scito
1174 782 1289 814 tamen,
1319 779 1571 812 taciturnitatem

67 837 156 866 tuam
177 835 276 866 inulto
296 845 346 866 me
366 834 448 866 ferre
468 835 636 866 molestius,
657 835 775 866 lterum
797 836 875 872 vale,
899 839 929 867 et
951 836 1033 876 patri
1056 839 1161 866 nostro
1183 845 1231 866 me
1253 835 1469 867 recommends
1482 838 1501 867 '⁵.

751 1126 890 1158 XXXVI.

348 1218 773 1250 ALDROYANDINO⁴
805 1219 865 1250 DE
899 1219 1153 1250 FERRARIA
1184 1219 1210 1250 S.
1245 1220 1279 1250 D.

556 1302 684 1331 morin,
706 1302 748 1324 vn
770 1302 836 1324 ΚΑΒ.
858 1303 981 1332 Arimis,
1005 1295 1090 1325 1396.

419 1369 484 1404 (ΒΓ.
500 1378 531 1404 2).
554 1369 612 1402 33;
639 1385 672 1389 —
699 1369 768 1396 PM.
790 1378 812 1397 c.
834 1370 873 1395 97
896 1371 935 1401 i.;
961 1385 995 1389 —-
1019 1369 1082 1397 ΡΡ.
1105 1378 1132 1397 η.
1155 1370 1214 1404 52.)

150 1457 254 1489 Facile
276 1460 459 1489 eventurum
483 1460 562 1494 erat,
583 1460 617 1488 ut
640 1467 704 1497 ego,
725 1457 749 1487 si
770 1459 892 1488 tantam
919 1456 1160 1488 sollicitudinem
1181 1457 1213 1487 in
1234 1456 1382 1487 mandato
1400 1459 1456 1488 tuo
1476 1467 1575 1488 susce-

68 1516 180 1556 pissem
201 1518 350 1555 quantam
372 1514 549 1545 molestiam
570 1514 668 1550 indui,
695 1514 780 1554 quod
800 1524 838 1544 ex
860 1524 895 1545 eo
915 1516 972 1544 aut
990 1524 1053 1545 non
1075 1517 1239 1554 potueram
1259 1516 1315 1544 aut
1336 1513 1382 1544 ita
1401 1514 1478 1544 mihi
1505 1524 1576 1553 per-

66 1582 236 1609 suaseram,
256 1581 379 1603 omnem
397 1572 464 1612 jam
485 1571 569 1611 quod
589 1571 701 1602 vellem
723 1570 869 1602 effectum
890 1570 1100 1602 reddidissem.
1122 1570 1158 1601 In
1172 1570 1281 1611 quavis
1302 1571 1385 1601 enim
1398 1581 1432 1601 re
1448 1571 1521 1608 alia,
1537 1573 1574 1602 ut

66 1632 114 1662 est
134 1629 219 1669 apud
242 1629 427 1666 Terentium,
455 1628 578 1659 facilius
598 1638 706 1668 passus
728 1638 825 1659 essem
845 1638 894 1658 me
915 1627 1089 1660 deludie1·⁵.
1118 1627 1179 1659 Sed
1199 1638 1271 1659 cum
1292 1637 1348 1667 ego
1374 1628 1499 1668 impleri
1518 1637 1576 1668 per

68 1697 118 1718 me
138 1696 225 1727 posse
246 1686 455 1726 desperarem,
470 1695 507 1716 ac
521 1688 688 1726 propterea
708 1685 762 1716 alii
783 1686 1010 1723 commisissem,
1025 1686 1125 1726 quise
1140 1688 1250 1726 sponte
1264 1685 1434 1722 obtulerat,
1455 1685 1576 1716 sactum

70 1747 126 1781 est,
147 1747 192 1782 ut,
213 1743 386 1784 praeterita
403 1743 470 1783 jam
492 1742 585 1783 hujus
605 1743 725 1782 negocii
744 1745 942 1782 tempestate,
970 1746 1002 1774 et
1023 1745 1059 1774 tu
1079 1745 1150 1774 voto
1170 1746 1225 1774 tuo
1246 1752 1363 1780 careas,
1393 1745 1425 1773 et
1445 1753 1501 1782 ego
1521 1752 1576 1782 spe

70 1811 142 1832 mea
161 1800 288 1832 delusus
308 1801 374 1831 sim.
397 1800 433 1831 [n
456 1810 520 1840 qua
540 1810 573 1831 re
595 1800 652 1831 etsi
673 1800 844 1840 aegerrime
866 1800 1005 1836 tulerim,
1037 1800 1145 1840 quod‘3
1164 1799 1320 1831 voluntati
1346 1802 1420 1831 tuae
1441 1810 1502 1831 nou
1529 1802 1577 1831 est

67 1858 274 1895 satisfactum,
294 1869 356 1889 non
376 1857 456 1888 nihil
475 1860 581 1888 tamen
604 1857 764 1888 molestiae
784 1857 856 1888 hinc
877 1857 1016 1894 accessit,
1043 1857 1126 1897 quod
1137 1858 1157 1894 ⁷,
1179 1867 1234 1888 seu
1254 1857 1384 1888 fallendi
1405 1857 1576 1896 voluptate,

71 1926 154 1956 quae
175 1915 363 1955 quibusdam
384 1915 524 1955 ingenita
545 1917 600 1948 est.
621 1915 692 1952 sive,
712 1915 796 1954 quod
810 1915 908 1955 magis
930 1925 1008 1952 reor,
1029 1915 1229 1955 negligentia,
1251 1925 1332 1955 quae
1347 1914 1425 1946 solet
1438 1914 1578 1954 plurima

75 1972 187 2005 alienis
207 1972 302 2004 rebus
316 1972 470 2009 adhiberi,
490 1971 617 2003 delusus
638 1971 743 2003 videor
757 1972 843 2003 mihi.
857 1972 932 2004 Cum
946 1972 1028 2003 enim
1048 1973 1223 2012 superiores
1242 1972 1350 2003 literas
1369 1972 1578 2011 suscepissem,

74 2030 189 2070 quibus
215 2029 333 2060 dimitti
353 2030 394 2060 ad
414 2040 464 2061 me
485 2030 633 2060 nuncium
657 2033 748 2060 tuum
770 2029 925 2066 Videbam,
953 2030 1137 2070 priusquam
1159 2040 1211 2061 eas
1231 2030 1340 2061 darem
1353 2030 1373 2066 ³,
1401 2029 1508 2060 oblata
1529 2031 1577 2059 est

70 2087 148 2118 mihi
167 2097 235 2127 spes
248 2087 269 2124 ⁹,
289 2087 354 2118 sine
376 2087 464 2118 nullo
485 2087 592 2118 labore
612 2090 667 2118 tuo
689 2089 745 2118 aut
765 2087 906 2126 impensa
927 2087 995 2118 fieri
1014 2087 1072 2118 hoc
1091 2097 1187 2126 posse.
1209 2086 1428 2125 Quamobrem,
1443 2086 1576 2117 obmisso

70 2144 205 2183 consilio,
233 2155 294 2185 quo
315 2155 372 2184 per
393 2144 503 2175 venale
524 2144 585 2175 iter
611 2144 784 2175 transmitti
804 2144 861 2175 tibi
883 2145 961 2175 vites
982 2144 1116 2181 volebas,
1144 2145 1190 2175 ita
1209 2144 1368 2181 constitui,
1397 2147 1432 2174 ut
1452 2143 1578 2174 adhibe-

73 2204 161 2233 retur
180 2204 294 2239 vector,
316 2201 371 2242 qui
390 2212 462 2232 cum
479 2201 633 2241 jumento,
664 2202 829 2233 sarmentis
849 2205 971 2239 onusto,
991 2205 1078 2233 recta
1098 2212 1155 2242 per
1181 2205 1300 2233 terram
1320 2202 1370 2232 via
1390 2201 1422 2231 in
1449 2200 1577 2231 domum

70 2260 162 2290 tuum
181 2258 323 2296 inferret,
350 2258 443 2299 idque
464 2261 500 2289 ut
521 2268 653 2299 propere
680 2259 726 2290 ita
747 2262 779 2290 et
803 2259 970 2299 diligenter
1000 2258 1100 2296 fieret,
1126 2269 1165 2290 ne
1186 2262 1243 2290 aut
1272 2262 1308 2289 tu
1337 2258 1391 2289 diu
1416 2257 1577 2298 penderes,

69 2318 127 2347 aut
138 2316 217 2347 vites
231 2316 440 2347 diuturnitate
461 2318 646 2347 arescerent.
669 2316 758 2347 Hanc
771 2319 879 2348 autem
900 2326 1008 2347 curam
1023 2316 1147 2348 cuidam
1161 2316 1316 2351 mandavi,
1338 2315 1393 2355 qui
1413 2325 1474 2346 ruS.
1489 2314 1573 2346 unde

73 2445 81 2462 ¹
102 2442 177 2472 G76.
197 2443 252 2471 ΡΡ.
271 2443 409 2472 virtutum
843 2445 854 2461 6
875 2444 929 2472 ΡΡ.
950 2444 1018 2479 quia

71 2489 82 2506 ²
101 2487 176 2517 G76.
196 2488 253 2516 hiis
843 2490 853 2506 ⁷
873 2488 928 2518 ΡΡ.
948 2489 1017 2524 qaia

72 2533 84 2550 ³
103 2531 126 2560 G
140 2532 181 2561 76.
200 2532 260 2560 Per
278 2532 400 2560 Petrum
420 2533 549 2561 Paulum
567 2535 649 2561 {luem
843 2534 854 2551 ⁸
873 2533 943 2561 dare
961 2541 1009 2568 per
1028 2533 1147 2562 rendere.
1167 2533 1341 2561 riscontrare.
1359 2533 1380 2560 O
1395 2534 1466 2562 forse
1480 2533 1582 2570 meglio

73 2577 84 2594 ⁴
102 2576 148 2605 nei
166 2577 253 2605 codici
277 2577 492 2606 Ostiam-audino
879 2577 903 2605 si
923 2577 1058 2606 dovrebbe
1077 2577 1205 2613 leggere:
1226 2586 1302 2606 meas
1320 2577 1426 2606 (larem.

75 2621 87 2639 ⁵
105 2620 243 2649 Deludier
262 2630 310 2657 per
328 2621 426 2650 deludi
445 2624 569 2658 appunto
589 2622 618 2650 in
637 2622 767 2650 Terenzio
847 2623 858 2639 ⁹
878 2622 932 2650 ΡΡ.
951 2630 999 2657 spe

108 2665 208 2700 (Andr.
227 2665 285 2700 III,
303 2666 328 2695 4.
348 2667 385 2701 4.)
