1845 3076
723 188 860 212 massora
1521 179 1540 210 5

28 275 78 307 sit
93 276 110 306 ¹.
132 274 207 315 Ego,
229 275 298 305 tum
311 274 323 291 ²
343 283 399 313 pro
421 282 457 304 eo
478 271 561 313 quod
582 272 739 303 amicitiae
760 275 792 303 et
812 272 956 312 sanguini
975 272 1083 311 debeo,
1104 283 1174 304 cum
1195 273 1206 290 ³
1234 272 1368 303 maxime
1395 272 1470 312 quia
1492 271 1540 302 illi

38 332 161 372 patriae
189 340 284 371 quam
311 329 481 370 plurimum
508 329 588 360 bene
616 329 733 360 consuli
755 329 854 369 cupio,
876 329 924 360 vel
952 339 1099 369 praesens
1130 329 1178 360 vel
1204 339 1260 369 per
1293 329 1403 360 literas
1434 328 1539 360 orabo.

38 388 127 420 Nihil
142 412 149 419 .
167 411 174 419 .
189 412 196 419 .
210 387 220 404 ⁴
241 387 414 418 admonebo
429 388 544 423 tamen,
566 388 610 422 ut,
625 385 650 416 si
665 386 816 425 optimum
832 386 932 417 virum
955 389 986 417 et
997 386 1272 426 prudentissimum
1286 387 1345 418 sibi
1359 387 1370 403 ⁵
1389 386 1540 417 vicarium

38 445 123 484 velit,
144 454 215 475 cum
234 444 275 475 ab
295 444 353 475 hoc
374 443 555 479 discesserit,
576 452 638 473 non
659 442 750 473 facile
771 453 903 483 usquam
924 443 1067 483 reperiet.

117 501 264 532 Habuisti
288 502 325 531 tu
350 510 370 531 a
389 510 438 531 me
453 499 553 540 pridie
568 499 665 530 fasces
679 499 865 537 literarum;
886 500 959 531 dedi
974 500 1057 540 quod
1078 510 1134 540 per
1154 500 1244 531 horas
1258 500 1385 540 legeres
1406 500 1539 531 Factum

40 560 96 596 est,
118 558 266 598 quoniam
287 557 348 588 scio
368 557 402 588 id
422 557 479 588 tibi
500 559 625 596 gratum
648 566 713 587 esse
727 556 746 587 ⁶.
769 556 826 594 Tu,
854 557 879 587 si
906 557 983 587 mihi
1003 567 1070 587 rem
1101 557 1270 596 plurimum
1291 559 1414 597 gratam
1435 556 1539 588 facere

39 615 124 652 velis,
147 625 245 655 quum
259 617 325 645 tam
339 614 497 654 proximus
516 623 556 651 es,
578 614 639 644 huc
652 613 778 645 obsecro
798 614 913 645 venias.
934 614 1000 645 Hoc
1012 614 1037 644 si
1051 624 1070 645 a
1085 616 1116 645 te
1131 614 1274 653 impetro,
1296 624 1443 654 magnum
1464 614 1541 645 mihi

37 672 230 712 praestitisti.
252 671 381 702 Vibebis
395 671 446 701 hic
460 671 582 708 multos,
597 670 650 710 qui
665 672 707 707 te,
729 673 760 701 et
773 671 891 702 virtute
905 673 961 701 tua
975 673 1007 701 et
1019 671 1142 701 nomine
1157 681 1234 707 meo,
1253 670 1335 702 laete
1357 671 1510 710 accipient
1520 671 1541 709 ⁷,

38 728 153 760 multos
173 729 184 745 ⁸
211 728 265 768 qui
285 730 316 760 te
336 727 503 759 dilexerint
523 728 703 767 priusquam
721 727 835 759 norint.
857 726 1010 765 Quoniam
1030 727 1075 758 ita
1086 728 1153 768 jam
1174 726 1270 765 effeci,
1291 730 1336 765 ut,
1357 728 1383 758 si
1400 728 1468 768 quis
1490 739 1539 759 me

39 788 134 823 amet,
158 785 183 816 is
203 795 328 826 quoque
348 788 380 816 et
400 787 431 816 te
448 787 540 816 amet.
561 786 643 815 Ante
657 787 762 815 omne's
782 784 923 815 dominus
938 784 1120 815 Franciscus
1140 785 1178 816 de
1199 784 1379 822 Zabarelh‘s,
1395 786 1449 825 qui
1465 786 1542 816 mihi

39 851 177 873 summus
191 845 247 880 est,
268 852 424 873 summum
445 844 476 872 te
490 841 597 880 habet,
618 844 712 881 teque
727 843 923 881 praesentem
938 841 1043 872 videre
1064 844 1096 873 et
1119 841 1237 882 alloqui
1252 842 1424 881 plurimum
1445 844 1544 882 optat.

39 898 72 931 Si
91 909 154 930 non
168 899 302 937 veneris,
323 908 380 939 ego
393 899 435 930 ad
449 901 480 929 te
495 899 542 929 his
555 898 730 938 pascalibus
752 898 812 929 ibo.
833 898 912 929 Vide
927 899 1003 938 quid
1018 901 1139 930 statuas
1152 899 1170 930 ⁹.
1193 898 1276 929 Illud
1296 909 1419 939 quoque
1440 899 1542 930 scribe

39 956 166 996 quando
187 959 336 988 venturus
357 958 402 987 est
422 955 570 987 Venetias
590 956 781 996 patriarcha,
802 955 828 986 si
843 956 901 987 hoc
921 956 1010 993 nosti,
1033 958 1064 987 et
1084 966 1125 987 an
1139 955 1333 996 digressurus
1352 957 1414 987 huc
1433 956 1485 994 sit,
1506 958 1543 987 ut

30 1016 159 1044 certam
179 1023 290 1054 capere
311 1014 465 1045 rationem
486 1013 607 1053 possim.
630 1012 716 1044 Vale.

772 1353 807 1385 V.

337 1436 519 1474 FLORIDO,
542 1436 592 1467 ΕΓ
613 1436 894 1469 SCIENTIARUM
916 1437 1013 1468 VIRO
1035 1436 1243 1468 MAGISTRO

517 1520 633 1543 ANGELO
654 1520 692 1542 DE
712 1520 800 1549 URBE,
822 1521 911 1544 AMJCO
932 1521 1085 1544 CARISSIMO

602 1587 706 1624 (G76;
724 1604 759 1607 -
777 1587 840 1616 ΡΡ.
858 1596 887 1616 η.
906 1589 984 1624 129.)

121 1667 229 1698 Amice
245 1667 410 1704 carissime,
433 1667 514 1698 sicut
533 1667 566 1697 in
579 1666 744 1698 creationis
765 1666 934 1707 primordio
955 1667 1057 1699 lucem
1077 1668 1209 1708 legimus
1234 1669 1379 1708 primitus
1400 1669 1548 1702 distincte

43 1725 137 1756 fuisse
157 1727 304 1763 creatam,
320 1727 356 1755 ut
370 1726 483 1755 cuncta
503 1724 713 1755 hexaemeron
725 1724 746 1741 ¹0
760 1735 856 1764 opera
870 1734 932 1755 non
946 1724 1084 1756 obscuris
1099 1727 1130 1756 et
1145 1725 1248 1765 opacis
1263 1726 1317 1757 sed
1331 1727 1364 1757 in
1383 1726 1453 1758 luce
1468 1727 1550 1759 dele-

45 1782 155 1814 ctabili
177 1781 384 1813 clarescerent
405 1783 437 1813 et
450 1791 482 1812 se
503 1782 640 1813 humano
660 1782 837 1821 conspectui
852 1785 1100 1821 praesentarent,
1121 1783 1164 1814 sic
1185 1784 1399 1824 grammatica,
1422 1785 1551 1825 primor-

47 1839 139 1870 dialis
153 1839 283 1870 scientia
297 1839 467 1879 pedagoga,
488 1838 595 1879 dirigit
614 1841 646 1869 et
663 1838 862 1870 administrat
874 1839 1012 1880 singulas
1026 1839 1202 1871 facultates.
1222 1841 1310 1872 Haec
1323 1841 1551 1874 characterizat

48 1898 81 1927 et
100 1895 191 1927 docet
210 1896 370 1927 schemata
389 1896 439 1927 vel
458 1896 595 1936 figuras3
617 1896 694 1927 haec
714 1906 770 1936 per
790 1896 1023 1936 ortographiam
1045 1897 1144 1928 literis
1165 1898 1278 1937 quibus
1298 1898 1377 1930 libet
1395 1900 1458 1930 suis
1479 1900 1550 1931 char

50 1953 226 1985 racteribus
246 1953 422 1984 terminatis
432 1953 498 1984 loco
511 1953 617 1984 debito
637 1954 751 1991 situat;
772 1953 850 1984 haec
863 1953 984 1985 eosdem
999 1954 1102 1994 apices
1113 1955 1135 1972 ¹¹
1148 1965 1205 1994 per
1218 1955 1333 1986 multas
1347 1959 1551 1988 consonantes

48 2010 185 2050 liquidas
206 2012 238 2041 et
258 2010 380 2041 vocales
401 2012 544 2050 segregat
565 2013 596 2041 et
616 2010 789 2051 distinguit,
812 2014 843 2041 et
863 2011 1065 2042 scientiarum
1085 2012 1241 2043 elementa
1266 2013 1405 2044 ruminat
1426 2016 1457 2044 et
1478 2024 1553 2054 qua-

47 2067 173 2104 1itates;
195 2067 273 2098 haec
287 2077 344 2107 per
356 2069 497 2107 tempora
517 2067 633 2106 brevia,
647 2078 808 2099 mensuras
823 2070 854 2099 et
874 2068 967 2109 longa
988 2071 1018 2100 et
1038 2071 1183 2100 accentus
1203 2069 1361 2107 insinuat;
1380 2071 1459 2102 haec
1475 2081 1552 2102 com-

48 2125 138 2165 ponit
156 2124 265 2156 ordine
285 2134 340 2155 suo
359 2124 527 2162 dictiones;
548 2125 626 2156 haec
646 2128 790 2156 materna
810 2125 923 2157 decora
943 2126 1035 2157 stibio
1056 2127 1156 2168 pingit
1176 2129 1208 2159 et
1227 2130 1319 2158 ornat
1339 2127 1425 2159 velut
1442 2129 1551 2168 juven-

40 2181 134 2213 -culas
154 2180 281 2213 floridas
312 2184 343 2212 et
363 2184 490 2213 cunctas
520 2182 622 2213 varias
643 2182 828 2220 facultates;
858 2183 937 2214 haec
957 2183 1197 2216 fundamentum
1228 2184 1361 2215 solidum
1382 2185 1550 2225 cujuslibet

42 2238 181 2270 valterius
202 2238 394 2279 disciplinae.

60 2341 67 2359 ¹
90 2340 136 2368 Gr.
149 2349 163 2369 e
181 2340 264 2369 Reff.:
284 2340 331 2369 cui
343 2349 456 2368 summa
474 2349 507 2368 ex
520 2340 625 2369 virtute
644 2343 670 2369 et
683 2341 780 2376 clz'ynt-
824 2343 836 2360 ⁷
855 2341 917 2369 Cosi
937 2342 958 2370 il
979 2342 1047 2370 Reff.
1075 2343 1157 2378 Negli
1177 2343 1242 2371 altri
1261 2343 1365 2371 codici:
1392 2343 1554 2380 accipian&

85 2386 140 2413 tate
150 2385 279 2420 probitas
291 2385 348 2420 sit3
367 2385 428 2414 PM.
447 2394 461 2413 e
480 2385 535 2414 ΡΡ.
554 2386 605 2420 qui
855 2386 900 2414 Gr.
920 2387 948 2414 in
968 2387 1092 2422 margine
1111 2388 1252 2422 accipient

58 2429 71 2447 2
89 2428 157 2456 Reff.
177 2429 271 2457 tamen
828 2431 840 2448 ⁸
858 2431 926 2458 Rofl'.
946 2440 959 2459 e
979 2431 1025 2459 Gr.
1049 2431 1134 2459 Multi
1147 2433 1198 2466 qni
1210 2433 1236 2460 ct
1248 2432 1411 2461 dileccerunt

58 2473 70 2490 ⁸
88 2472 156 2500 Reff.
176 2473 237 2500 tum
828 2475 839 2492 ⁹
858 2474 903 2503 Gr.
916 2475 1006 2503 scribe
1018 2475 1089 2510 qaid
1099 2477 1210 2504 statuas

62 2516 74 2534 ⁴
92 2515 145 2548 Qui
163 2517 177 2544 ὁ
196 2517 270 2545 certo
288 2525 395 2546 omessa
412 2525 468 2545 una
487 2517 592 2553 parola.
824 2520 848 2538 ⁴0
865 2520 897 2547 G.
916 2528 1085 2554 emmerong
1105 2520 1159 2547 ΡΡ.
1179 2520 1348 2549 ltexemeron

55 2559 71 2579 ⁷⁵
89 2559 132 2588 Da
149 2560 206 2588 sibi
223 2559 253 2588 in
272 2560 318 2596 poi
337 2570 434 2590 manca
458 2562 488 2590 la
506 2562 604 2590 lettera
622 2562 667 2591 nel
692 2563 738 2591 ΒΥ.
757 2572 784 2599 p,
824 2565 844 2581 ¹¹
866 2563 966 2599 Apices
984 2563 1127 2592 literarum
1146 2564 1275 2592 dicuntur
1287 2565 1450 2594 accentuum
1464 2565 1555 2593 notae.

88 2603 122 2632 '75
140 2603 160 2631 t.
858 2608 927 2636 Gell.
947 2608 994 2636 lib.
1016 2608 1048 2635 13
1067 2617 1089 2636 c.
1109 2609 1151 2636 29.

55 2648 74 2666 -θ
93 2647 161 2676 Reff.
182 2656 196 2677 e
216 2647 263 2677 Gr.
280 2650 479 2685 gratissimum
