1845 3076
773 187 911 211 nrisronn
1536 181 1590 212 181

84 272 170 304 illius
189 271 282 312 culpa
303 281 397 312 quam
418 271 521 311 quod¹
554 271 585 301 in
606 272 689 302 omni
710 270 923 308 multitudine,
945 274 982 303 ut
1002 274 1049 303 est
1070 272 1184 309 videre,
1205 272 1268 303 sive
1291 282 1397 304 rerum
1411 273 1475 305 sive
1495 273 1592 306 homi-

85 340 171 366 num,
196 339 261 360 esse
287 328 415 369 aliquod
426 328 436 345 ²
461 327 613 359 decimum
625 328 636 345 ³
657 337 781 359 neeesse
798 331 855 365 est,
870 339 931 359 non
947 329 1069 360 numeri
1085 329 1223 369 quidem,
1237 329 1291 360 sed
1310 329 1472 370 qualitatis
1486 340 1570 362 nune
1581 330 1591 347 ⁴

84 386 194 418 habita
214 386 343 417 ratione.
366 385 477 424 Quod⁵
498 385 581 416 enim
602 385 633 415 in
654 385 809 416 decimum
831 385 925 416 datur
946 396 1070 426 semper
1087 386 1167 417 solet
1181 396 1245 417 esse
1259 386 1399 418 deterius
1423 387 1473 419 vel
1491 387 1591 419 deter-

87 444 210 475 rimum.
231 444 276 474 Ac
297 453 336 474 ne
357 443 470 474 mirum
494 441 641 482 profecto,
656 441 705 473 vel
727 452 851 482 papam,
866 442 956 473 illum
970 443 1188 483 promovendo,
1202 453 1331 481 errasse,
1356 445 1476 484 quum⁶
1497 445 1592 476 etiam

82 501 116 531 in
132 511 168 532 eo
183 510 305 540 quoque
319 499 479 531 condendo
494 502 641 530 naturam
656 499 755 539 ipsam
769 509 911 539 peccasse
928 500 1095 531 videamus.
1112 500 1215 533 Primo
1229 502 1311 533 enim
1328 501 1516 533 addubitare
1528 503 1594 534 visa

85 560 140 596 est,
158 557 315 598 quodnam
334 557 419 588 bruti
435 566 534 597 genus
547 556 740 596 potissimum
755 556 871 587 ederet.
891 556 972 588 Nam
997 557 1153 589 hominem
1169 558 1294 599 quidem
1312 558 1464 590 sormare⁷
1484 559 1594 599 procul

83 614 194 646 aberat
204 616 281 645 tunc
290 614 431 645 intentio.
444 614 518 644 Mox
528 623 602 645 vero
613 614 721 645 bovem
734 614 889 646 facturam
900 615 1074 652 constabat,
1087 616 1171 655 quod
1182 616 1192 631 ⁴²
1204 619 1235 647 et
1246 626 1363 647 cornua
1372 617 1438 657 jam
1454 619 1593 656 coeperat

84 672 116 703 in
138 672 240 702 fronte
260 671 392 712 signare,
414 675 447 702 et
466 671 609 702 maxillas
623 671 653 701 in
671 671 797 711 longum
812 682 930 712 oraque
945 671 1143 712 protendere.
1161 673 1278 704 Verum
1291 673 1367 704 dum
1384 673 1589 711 somnolenta,

85 731 122 760 ut
142 731 218 760 tunc
239 732 316 766 erat,
338 731 396 759 aut
415 728 648 759 semidormiens
668 731 812 768 coeptum
833 739 910 769 opus
924 729 1119 770 negligenter
1133 731 1366 770 exequiretur‘',
1388 740 1471 767 casu,
1492 730 1594 761 nescio

86 785 240 826 quomodo
254 786 275 803 '⁰
296 785 410 826 effigies
430 785 563 816 hominis
584 785 667 816 inter
687 795 798 816 manus
819 786 931 817 oborta
944 787 962 803 ¹¹
986 790 1042 824 est,
1063 787 1115 817 sed
1145 797 1242 827 usque
1268 787 1347 818 adeo
1375 787 1533 825 deformis,
1560 791 1598 819 ut

86 846 211 880 natura,
227 843 324 882 ipsius
344 852 408 882 prae
430 842 503 879 risu,
525 852 664 874 somnum
687 843 866 874 excusserit.
889 843 968 874 Risit
990 844 1071 875 enini
1087 844 1218 884 risitque
1231 844 1279 875 sui
1292 844 1429 876 ludibria
1450 846 1591 876 somni¹².

86 899 191 931 Nihilo
206 903 312 932 tamen
325 901 346 917 ¹³
360 910 449 931 secus
464 900 655 940 propositum
678 900 779 940 ipsum
801 901 884 940 quod
906 904 1044 940 coeperat
1065 904 1229 940 prosecuta
1241 902 1271 938 ¹⁴,
1293 902 1320 932 ei
1343 903 1463 942 corpori
1476 903 1497 920 ¹⁵
1513 903 1592 934 bovi-

84 968 159 989 nam
181 957 317 988 animam
339 957 543 997 ingeneravit,
565 968 604 988 ne
625 961 690 995 aut,
714 968 849 989 massam
870 959 974 989 denuo
995 958 1168 996 conflando,
1190 969 1302 999 parum
1326 959 1468 990 utilem¹‘²
1489 970 1596 991 consu-

83 1018 185 1046 meret
205 1025 342 1054 operam,
364 1018 429 1052 aut,
451 1015 583 1046 hominis·
605 1015 742 1046 animam
758 1016 777 1032 ¹⁷
807 1019 873 1046 tani
902 1016 972 1047 rudi
1000 1016 1225 1056 indigestaeque
1252 1016 1391 1047 materiae
1420 1017 1598 1054 inserendo,

83 1072 267 1103 inconcinne
279 1072 300 1089 ¹⁸
314 1072 483 1112 copularet.
506 1072 618 1112 Itaque
640 1075 728 1103 extat
753 1072 809 1103 hoc
822 1073 844 1089 ¹⁹
863 1076 1044 1110 monstrum,
1067 1084 1128 1113 quo
1144 1074 1202 1104 sub
1216 1073 1356 1104 humana
1368 1074 1470 1114 specie
1485 1075 1598 1106 bovina

83 1139 170 1161 mens
191 1129 271 1160 latet
291 1139 458 1169 sensusque
480 1130 627 1160 bestialis
646 1129 770 1166 Verum,
786 1140 824 1160 ne
842 1131 949 1161 bovem
970 1131 1198 1168 tantummodo,
1219 1131 1282 1168 sed,
1300 1141 1355 1170 pro
1370 1131 1535 1169 varietate,
1550 1142 1598 1163 ca-

83 1187 226 1218 ninum²⁰
246 1189 282 1218 ut
303 1186 421 1226 aliquid
444 1188 539 1218 etiam
559 1191 684 1227 saperet
697 1188 728 1224 ²¹,
750 1187 867 1228 adjecit
888 1187 934 1218 illi
957 1190 1069 1218 natura
1092 1188 1211 1219 latrare
1233 1198 1366 1228 semper,
1389 1189 1466 1219 etin
1488 1199 1596 1220 unum-

85 1255 239 1286 quemque
261 1245 410 1286 angulum
433 1245 589 1276 mietitare
601 1245 632 1275 ²².
655 1245 702 1275 Tu
723 1255 795 1275 vero
809 1255 849 1276 ne
865 1245 985 1276 mireris
999 1245 1082 1285 quod
1097 1245 1136 1276 de
1153 1245 1367 1278 cardinalibus
1379 1246 1411 1283 ²³,
1425 1246 1471 1277 ita
1486 1246 1597 1287 loquor

85 1305 143 1334 aut
164 1303 274 1340 sentio,
295 1303 349 1342 qui
371 1303 518 1334 meritum
540 1302 701 1333 hominum
713 1303 733 1318 Ἠ
757 1302 982 1339 animadverto,
1003 1313 1064 1334 non
1087 1303 1239 1343 fulgorem
1260 1303 1433 1343 dignitatis.
1456 1303 1599 1336 Hominis

85 1361 167 1392 enim
189 1362 236 1392 est
257 1361 413 1392 hominem
430 1360 619 1398 existimare,
636 1363 843 1391 mercatorum
866 1362 970 1391 autem
990 1360 1126 1400 capellos
1137 1361 1167 1391 ²⁵.
1190 1360 1315 1392 Habeas
1326 1361 1349 1377 ²⁷⁰
1374 1361 1458 1400 quod
1483 1361 1594 1393 rideas.

84 1417 172 1449 Vale.

94 1504 101 1521 ¹
122 1502 184 1531 Cosi
203 1497 241 1530 21·
256 1502 305 1530 XI.
326 1502 425 1529 lnveee
450 1502 519 1530 Mur.
539 1501 631 1529 eeenit
653 1503 715 1535 <ins
739 1502 825 1536 ‹Arulpa
864 1503 882 1518 ¹2
903 1501 966 1535 ΡΡ.,
986 1502 1019 1528 59
1039 1502 1086 1535 XI,
1106 1501 1167 1529 PM.
1188 1502 1234 1530 Gr.
1255 1501 1375 1536 risitque
1398 1510 1454 1530 saa
1473 1502 1601 1530 ludibria

117 1548 255 1583 existimo,
268 1546 359 1582 quid?
377 1546 458 1582 Quod
477 1547 505 1573 in
526 1546 715 1574 multitudine.
727 1546 779 1573 Nol
792 1546 825 1573 59
892 1554 948 1580 per
965 1554 1106 1573 somnum.
1126 1546 1171 1574 ΒΓ.
1191 1546 1344 1574 somnium.
1364 1546 1434 1575 Mur.
1450 1547 1603 1582 ris-eritque

118 1592 168 1620 XI.
201 1591 304 1619 Verum
329 1599 387 1619 non
410 1591 490 1618 illins
512 1591 635 1618 monisse
659 1590 744 1626 eulpa
766 1591 821 1618 eJ-i-
893 1598 946 1618 sem
968 1590 1096 1618 zinzila-ia
1109 1599 1165 1625 per
1183 1591 1329 1618 somnium

117 1637 210 1670 stimo,
230 1645 256 1671 q.
269 1646 292 1671 qv
315 1635 418 1664 Verum
433 1644 490 1663 teon
504 1636 628 1663 evenisse
641 1635 722 1663 illins
735 1635 820 1670 eulpa
858 1636 878 1652 ¹²³
898 1635 923 1663 S.
937 1636 980 1670 A„
1000 1635 1054 1667 Br.‚
1075 1634 1131 1668 Gr„
1151 1635 1213 1664 PM.
1235 1644 1248 1663 e
1269 1635 1325 1664 ΡΡ.
1344 1635 1537 1663 nihilominus

118 1681 257 1715 existimo,
280 1689 367 1715 quam
386 1688 481 1714 qnam.
502 1680 564 1707 Cosi
585 1680 646 1707 PM.
660 1690 673 1706 e
690 1680 737 1708 Gr.
751 1690 764 1706 e
778 1680 822 1707 ΒΓ.
862 1680 881 1697 ¹⁴
903 1680 958 1713 Gr.,
979 1679 1040 1707 PM.
1059 1688 1072 1706 e
1093 1679 1147 1708 ΡΡ.
1162 1683 1314 1714 persecuta

119 1726 190 1754 colla
208 1726 355 1754 differenza
374 1725 402 1753 di
427 1734 513 1760 quam
539 1725 614 1759 quod
636 1724 664 1752 in
689 1724 772 1761 luogo
796 1725 824 1752 di
861 1725 882 1742 ¹⁵
902 1724 949 1752 Gr.
967 1725 993 1751 et
1011 1725 1125 1758 corpori

118 1780 205 1806 quam
224 1779 318 1805 quam.
858 1770 880 1787 ¹0
899 1768 962 1797 Cosi
981 1769 1015 1796 59
1034 1769 1074 1797 XI
1094 1778 1107 1796 e
1130 1769 1202 1797 Mur.
1226 1769 1272 1797 Gli
1296 1769 1362 1796 altri
1385 1769 1505 1799 utiliter.

95 1816 105 1833 “³
124 1815 177 1843 Nei
196 1814 282 1843 codici
301 1814 417 1849 aliquid
858 1815 879 1831 ¹⁷
900 1813 969 1842 Mur.
989 1815 1039 1841 (tut
1057 1814 1186 1841 animam

95 1862 106 1878 ²³
124 1860 282 1894 Decimum,
302 1866 408 1894 grosso,
427 1866 501 1886 come
520 1858 547 1886 la
567 1859 669 1887 decima
690 1858 770 1886 onda.
860 1859 882 1876 ¹⁸
901 1858 963 1886 Cosi
983 1858 1008 1886 S.
1028 1859 1061 1886 A.
1081 1867 1095 1886 e
1115 1859 1147 1885 21
1168 1859 1218 1887 Xl.
1238 1858 1284 1886 Gli
1301 1858 1369 1887 altri
1387 1859 1474 1887 codici
1498 1867 1512 1886 e
1532 1859 1603 1888 Mur.

95 1906 104 1923 ⁴
125 1905 196 1932 Mur.
216 1912 230 1931 e
249 1903 307 1932 cod.
325 1904 358 1931 21
379 1912 393 1931 e
411 1903 446 1930 59
464 1903 513 1938 XI,
532 1903 685 1938 qualitatis
703 1904 825 1931 numeri.
900 1903 1138 1931 inconvenientia.
1158 1903 1205 1931 Gr.
1225 1903 1437 1931 incontinentia

72 1947 73 1950 ’
120 1949 166 1978 Gr.
187 1957 243 1982 non
264 1957 342 1976 mmo
361 1947 476 1983 quidem
495 1948 646 1982 qualitatis
664 1956 751 1976 nunc.
861 1949 882 1965 ¹⁹
903 1948 964 1976 Cosi
984 1948 1039 1975 ΡΡ.
1058 1956 1072 1974 e
1091 1948 1124 1975 21
1144 1947 1192 1976 XI.
1213 1947 1259 1975 Gli
1279 1947 1345 1976 altri
1371 1956 1385 1975 e
1410 1949 1479 1976 Mur.
1506 1949 1605 1977 instat.

96 1996 107 2012 ⁵
126 1994 152 2022 S.
169 1995 200 2022 A.
223 1994 277 2023 Br.‚
299 1994 354 2026 Gr„
373 1992 432 2020 PM.
453 2002 466 2017 υ
486 1992 540 2019 ΡΡ.
560 1992 631 2026 qnid
900 1992 954 2019 ΡΡ.
975 1994 1072 2020 omette
1093 1992 1144 2020 hoc

95 2041 107 2057 ὃ
127 2038 172 2066 Gr.
193 2040 250 2066 tum
272 2039 355 2066 ctiam
859 2038 882 2054 ‘³⁰
902 2036 972 2064 Mur.
991 2045 1096 2063 canum
1115 2044 1162 2071 per
1180 2036 1328 2064 caninum.

95 2085 106 2101 ⁷
125 2082 171 2111 Gr.
193 2083 334 2116 formasse
861 2082 882 2100 ²¹
906 2082 976 2110 Mur.
995 2082 1110 2115 superet

96 2129 107 2147 ⁸
126 2128 182 2156 ΡΡ.
201 2128 269 2163 quin
863 2127 886 2143 Ὦ
905 2126 951 2155 Gr.
972 2127 1108 2154 mutitare

95 2174 107 2190 ⁹
126 2172 190 2201 Cod.
215 2173 249 2199 59
275 2172 315 2200 Xl
340 2173 465 2206 coeptum
494 2179 565 2206 opus
591 2171 775 2206 teeslligyenter.
801 2172 826 2199 S.
862 2171 885 2187 ⁹³
905 2170 929 2198 S.
944 2171 977 2198 A.
995 2170 1145 2198 caraman»

119 2218 193 2252 Aug.
212 2217 342 2250 coeptum
362 2222 434 2249 opus
454 2215 630 2250 neyligymzter
649 2215 823 2250 eii-quiritur.
861 2215 882 2231 ‘2⁴
904 2214 974 2242 Mur.
993 2214 1121 2241 hominis

120 2260 166 2289 Gli
183 2259 250 2288 altri
268 2259 356 2288 codici
376 2268 389 2287 e
409 2260 480 2289 Mur.
499 2259 636 2294 coepisset
653 2267 725 2295 opus
738 2259 825 2294 neyli-
861 2259 883 2276 2⁵
902 2257 1013 2285 Eccetto
1032 2257 1051 2284 il
1071 2258 1128 2287 cod.
1147 2259 1180 2286 21
1201 2257 1252 2291 XI,
1275 2257 1316 2293 gli
1341 2258 1408 2286 altri
1434 2258 1527 2287 hanno
1550 2259 1607 2287 exi-

117 2306 216 2341 yenter
895 2303 1013 2330 stimat-0
1032 2302 1102 2336 dopo
1121 2303 1216 2330 autem
1231 2311 1246 2330 o
1260 2304 1355 2330 autem
1370 2304 1418 2331 est.
1437 2303 1491 2337 Br.‚
1510 2302 1569 2331 PM.
1588 2311 1603 2331 e

86 2351 108 2369 ¹⁰
126 2351 151 2379 S.
167 2351 198 2378 A.
222 2351 277 2386 Br.‚
301 2349 347 2378 Gr.
367 2349 427 2377 PM.
448 2358 504 2383 qno
525 2357 572 2384 per
597 2348 745 2383 quomodo.
766 2348 826 2376 Cosi
899 2347 954 2375 ΡΡ.
979 2348 1073 2374 autem
1098 2348 1146 2375 est.
1167 2346 1229 2375 cod.
1253 2347 1286 2375 21
1313 2346 1353 2374 XI
1380 2347 1538 2382 cappeltos;
1565 2347 1608 2382 gli

119 2402 187 2430 pure
205 2395 276 2423 Mur.
900 2390 964 2418 altri
985 2390 1113 2425 capellas

86 2440 105 2457 ¹¹
126 2439 181 2475 Br.‚
209 2439 242 2467 59
267 2439 316 2474 XI,
341 2439 397 2474 Gn,
423 2438 495 2473 PM„
520 2438 575 2465 ΡΡ.
603 2447 616 2465 e
646 2437 717 2466 Mur.
743 2444 828 2465 senza
863 2437 885 2453 2²⁶
906 2435 975 2463 Mur.
996 2434 1094 2463 Habes

123 2483 199 2512 inter
218 2491 329 2512 manus.
352 2483 406 2511 ΡΡ.
427 2483 536 2511 aborta.
