1845 3076
226 155 265 186 94
857 163 881 185 P.
901 163 926 185 P.
948 162 1096 185 VERGERJO

226 247 479 287 dignissimarum
497 247 514 277 ¹.
536 246 617 277 Hinc
637 256 771 286 namque
794 248 825 277 et
841 246 982 286 justitiae
1002 245 1231 277 administratio
1245 246 1256 263 ²
1277 248 1309 277 et
1329 247 1539 278 continentiae
1559 247 1678 285 modus,
1695 250 1727 279 et

226 303 365 334 omnium
385 304 538 334 bonarum
567 304 682 334 artium
702 305 871 343 praecepta
897 303 1095 342 rationesque
1110 303 1120 320 ³
1149 303 1396 343 proficiscuntur.
1425 303 1471 334 Ex
1492 304 1606 344 quibus
1633 305 1727 336 rebus

225 361 419 401 principibus
434 360 558 400 quidem
573 360 680 400 gloria,
692 360 814 400 populis
828 362 935 392 autem
949 360 1113 400 quaeritur
1127 360 1221 392 salus.
1242 360 1328 391 Haec
1348 371 1445 400 quum
1456 361 1467 378 ⁴
1487 371 1543 400 per
1558 371 1589 392 se
1605 371 1728 401 semper

226 418 364 457 speciosa
384 418 455 454 sint,
484 420 552 448 tum
572 417 707 448 maxime
721 418 732 434 ⁵
759 417 871 448 nostris
891 417 1083 456 temporibus
1109 417 1293 456 speciosiora
1312 418 1411 449 videri
1438 418 1555 449 debent
1575 428 1635 458 quo
1655 421 1729 449 sunt

225 475 349 507 rariora
368 475 452 515 apud
473 484 523 506 eos
543 475 620 505 haec
641 474 755 506 studia.
781 475 823 505 Te
845 474 927 505 enim
948 484 986 505 ne
1006 474 1107 505 dicam
1129 474 1228 505 solum
1248 485 1356 512 unum,
1385 477 1469 506 certe
1491 485 1529 506 ex
1549 475 1655 515 paucis
1675 485 1726 515 op-

225 533 310 563 timis
324 532 371 562 his
386 531 567 562 muneribus
588 531 676 571 fungi
696 534 825 562 constat.
844 531 928 569 Quae
945 541 1041 571 quum
1063 533 1157 561 antea
1170 541 1208 562 ex
1223 531 1307 562 fania
1328 531 1394 562 sola
1414 532 1629 572 cognovissem,
1645 542 1727 572 quae

226 589 398 620 clarissima
424 599 538 620 nomen
565 591 653 619 tuum
676 588 740 619 late
763 588 951 625 circumfert,
974 598 1074 627 nuper
1095 590 1210 625 tamen,
1232 591 1267 618 ut
1289 588 1343 619 diu
1364 589 1440 619 mihi
1463 589 1566 619 fuerat
1587 589 1620 619 in
1640 589 1730 626 votis,

226 647 321 678 etiam
342 656 490 686 praesens
510 656 578 676 sum
598 646 836 685 contemplatus.
857 645 895 675 Et
916 645 1013 684 ipsam
1036 645 1152 675 famam
1172 648 1270 682 tuam,
1293 656 1374 685 quae
1393 646 1530 677 maxima
1546 649 1600 683 est,
1623 646 1730 686 depre—

224 703 321 736 hendi
345 706 401 735 tua
422 703 538 735 virtute
558 703 708 733 minorem
722 703 741 733 ⁵.
763 702 873 733 Omnia
893 705 998 733 autem
1019 702 1139 742 quum⁷
1158 702 1191 733 in
1210 705 1242 733 te
1263 702 1409 740 demiror,
1429 713 1527 733 unum
1548 705 1655 734 tamen
1683 706 1730 734 est

225 761 309 801 quod
324 761 493 801 plurimum
509 763 541 792 et
554 760 706 790 demiror8
726 763 758 790 et
777 770 856 797 amo,
870 759 1100 791 humanitatem
1113 759 1230 790 scilicet
1244 762 1341 796 tuam,
1356 770 1451 799 quam
1464 760 1495 790 in
1511 770 1560 791 me
1575 771 1728 791 summam

225 818 371 850 effudisti.
398 819 447 849 Ita
468 819 550 849 enim
571 820 603 848 te
624 817 725 857 ipsum
753 817 929 853 exhibuisti,
959 820 994 847 ut
1016 819 1118 847 totum
1138 817 1215 847 mihi
1241 817 1491 857 perspiciendum
1512 820 1544 848 te
1565 817 1664 849 dares.
1694 818 1731 848 In

225 887 288 916 quo
308 875 387 907 illud
409 875 599 915 deprehendi
622 876 671 914 (ut
693 875 733 905 ad
753 885 905 905 summam
926 874 1073 913 veniam),
1103 874 1148 904 ita
1168 874 1292 904 virtutis
1313 877 1344 905 te
1366 875 1501 914 primum
1521 875 1623 906 locum
1644 885 1734 906 occu-

227 944 317 974 passe
332 934 351 970 9,
373 936 409 964 ut
430 943 572 973 quaeque
592 933 692 964 solent
706 933 725 949 ¹¹¹
746 932 776 961 in
792 931 922 962 caeteris
943 942 998 971 pro
1017 932 1138 971 magnis
1151 932 1170 949 ¹¹
1186 931 1295 962 haberi
1314 931 1469 969 laudibus,
1489 932 1521 962 in
1537 935 1568 963 te
1582 943 1643 963 uno
1662 933 1729 973 jam

223 991 369 1021 desinant
383 990 494 1021 laudes
515 990 623 1027 videri,
645 989 709 1029 qui,
732 1000 827 1029 quum
843 990 864 1006 ¹2
885 989 1001 1028 ingenii
1017 989 1103 1019 dotes
1123 989 1254 1020 haberes
1275 989 1427 1029 plurimas
1440 992 1535 1030 atque
1548 990 1731 1027 uberrimas,

227 1058 280 1079 eas
307 1051 411 1078 tamen
433 1051 587 1087 perpetuo
616 1047 719 1077 studio
740 1046 956 1077 corroborasti.
980 1046 1108 1077 Accedit
1123 1047 1143 1063 ¹³
1165 1047 1205 1077 ad
1226 1046 1303 1077 haec
1336 1049 1367 1077 et
1392 1047 1507 1086 species
1527 1047 1663 1086 corporis
1678 1047 1731 1087 (de

224 1116 288 1146 qua
303 1105 363 1136 dici
384 1107 486 1145 potest
502 1105 522 1121 ¹⁴
544 1104 627 1144 quod
649 1107 696 1134 est
710 1104 749 1135 de
764 1104 887 1134 Priamo
908 1103 1033 1141 dictum,
1055 1103 1137 1143 quod
1154 1104 1219 1143 ejus
1234 1104 1352 1143 speeies
1373 1103 1468 1143 digna
1487 1107 1568 1135 esset
1586 1104 1729 1144 imperio)

224 1166 257 1193 et
276 1163 337 1194 oris
358 1163 512 1202 majestas⁷
533 1162 565 1191 in
587 1172 650 1201 qua
671 1164 727 1198 est⁷
743 1171 812 1191 cum
833 1171 954 1191 summa
976 1161 1139 1200 gravitate,
1160 1161 1240 1191 mira
1255 1161 1410 1200 quaedam
1428 1161 1617 1201 jucunditas.
1631 1161 1732 1202 Super

224 1221 302 1251 haec
318 1220 338 1237 ¹⁵
359 1222 389 1250 et
411 1219 496 1259 prole
512 1222 543 1249 et
558 1219 701 1259 conjugio
723 1218 817 1249 faelix
833 1218 930 1249 videri
951 1221 1047 1257 potes.
1071 1218 1203 1249 Caetera
1223 1221 1327 1249 autem
1345 1218 1375 1255 ¹⁶,
1397 1219 1453 1249 etsi
1476 1229 1533 1258 pro
1547 1221 1602 1249 tuo
1616 1219 1728 1250 merito

224 1280 298 1308 sunt
318 1277 440 1316 exigua,
461 1279 567 1307 tamen
584 1278 616 1307 et
630 1276 842 1306 moderatione
859 1276 955 1306 animi
969 1286 1083 1313 magna
1103 1275 1261 1307 existimas
1276 1278 1307 1306 et
1327 1275 1518 1307 liberalitate
1539 1275 1615 1307 facis
1634 1276 1731 1307 videri

224 1345 346 1375 magna.
370 1335 455 1365 Haec
470 1345 525 1375 ego
540 1345 601 1365 non
622 1333 772 1365 adulandi
794 1333 906 1370 studio,
923 1333 1006 1372 quod
1022 1336 1068 1363 est
1083 1343 1102 1363 a
1116 1343 1164 1363 me
1187 1333 1334 1371 alienum,
1356 1333 1410 1364 sed
1427 1333 1571 1373 explendi
1592 1334 1730 1365 animum

225 1403 329 1423 meum
350 1392 504 1423 desiderio
527 1391 644 1431 scripsi.
665 1391 753 1422 Vale.

235 1505 242 1520 ¹
265 1503 319 1530 Pr.
338 1502 541 1536 ‹lismzissinmznz
1010 1503 1020 1519 '³
1040 1502 1083 1528 ΒΓ.
1098 1501 1157 1528 PM.
1174 1501 1213 1528 im
1228 1503 1252 1528 tc·
1263 1502 1391 1535 primum
1411 1501 1503 1529 locum
1516 1510 1666 1536 occupasse
1678 1502 1734 1529 vir-

234 1549 244 1564 ²
264 1547 340 1575 Ram.
359 1548 406 1575 ΒΓ.
425 1547 486 1574 ΡΜ.
505 1555 630 1581 namque
648 1546 880 1576 administratio:
906 1546 959 1572 ΓΡ.
1034 1546 1118 1580 tutis3
1138 1546 1214 1573 Ram.
1240 1547 1280 1573 ¹iz‘o
1299 1548 1323 1573 te
1347 1546 1474 1581 primum
1499 1546 1592 1574 Iocum
1617 1547 1732 1574 virtutis

251 1592 385 1624 jus-filiae
404 1591 559 1619 admiratio
1031 1598 1181 1624 occupasse

234 1637 244 1653 ³
263 1636 333 1663 Mur.
354 1636 531 1670 rationisque
998 1636 1017 1651 ¹⁰
1038 1635 1090 1662 PP.
1112 1634 1181 1662 Mur.
1202 1643 1274 1670 quoe
1293 1635 1385 1662 solent

236 1682 244 1697 ⁴
266 1681 309 1709 llr,
328 1681 389 1707 PM.
410 1681 487 1707 Ram.
507 1681 555 1707 Ειι
574 1689 661 1715 quum
999 1680 1016 1696 ¹¹
1040 1679 1093 1706 PP.
1116 1679 1185 1706 Mur.
1200 1679 1371 1714 permaynis

233 1727 243 1742 5
265 1726 307 1752 Br.
326 1725 382 1752 PM.
398 1724 474 1752 Ram.
497 1726 556 1751 lum
577 1724 719 1755 marimo:
738 1724 877 1751 1³11an
897 1732 960 1750 cnm
998 1725 1018 1741 1²
1041 1724 1107 1751 liam
1136 1732 1224 1758 qnam

259 1769 381 1796 maxone
999 1769 1019 1785 ¹³
1040 1768 1083 1795 ΒΓ.
1104 1768 1165 1796 PM.
1185 1768 1300 1796 Accidit

232 1815 242 1831 ὅ
262 1814 338 1841 Ram.
352 1814 397 1840 151:
412 1813 471 1840 PM.
486 1814 624 1841 omettono
642 1813 660 1840 il
675 1814 784 1848 perioio
804 1812 844 1840 Et
864 1812 954 1847 ipsam
991 1813 1012 1829 ¹⁴
1031 1813 1078 1840 ΒΓ.
1096 1812 1156 1840 ΡΜ.
1176 1813 1252 1841 Ram.
1272 1814 1428 1841 seeundum
1446 1822 1534 1849 quam
1553 1813 1608 1842 dici
1625 1814 1719 1848 potest

259 1881 264 1886 .
285 1882 290 1887 .
311 1881 316 1886 .
338 1880 343 1886 .
364 1859 502 1885 msnorem
996 1858 1017 1874 ¹5
1038 1857 1081 1883 ΒΓ.
1102 1857 1161 1884 PM.
1182 1865 1269 1891 snper
1288 1858 1338 1885 hnc

234 1905 244 1920 ⁷
265 1904 340 1930 Ham.
360 1912 447 1937 quum
997 1901 1017 1918 ¹ss
1038 1900 1082 1928 Er.
1103 1900 1162 1927 PM.
1183 1901 1260 1928 Ram.
1285 1901 1403 1929 Caetera
1425 1903 1519 1930 tamen

232 1950 242 1965 ⁸
262 1948 316 1976 ΓΡ.
336 1948 405 1975 Mur.
426 1950 453 1975 (εἰ
472 1948 579 1982 Μίνων,
599 1949 675 1976 Imm.
698 1949 790 1975 miror
