1845 3076
232 165 271 196 98
866 172 892 194 P.
914 172 940 195 P.
962 171 1110 194 VERGERIO

231 257 337 289 omnia
358 266 500 287 camerae
521 255 709 296 apostolicae
722 255 838 293 debita,
860 266 941 296 quae
962 255 1088 296 quidem
1102 255 1143 286 ad
1156 265 1312 286 summum
1333 255 1512 295 pontificem
1532 255 1737 295 pertinerent,

231 314 386 345 remisisse
408 313 531 344 dicitur.
556 312 684 350 Verum,
706 323 804 353 quum
817 323 879 344 non
895 313 970 344 satis
990 312 1094 344 doceri
1115 312 1153 344 de
1173 312 1221 343 his
1242 312 1335 344 rebus
1354 313 1450 352 possit
1465 313 1483 350 ¹,
1505 312 1565 344 nisi
1586 312 1625 343 de
1649 313 1737 344 curia

231 381 361 402 romana
380 370 583 411 proferantur
597 371 607 387 ²
628 370 754 410 publica
774 371 972 407 documenta,
993 373 1026 401 et
1045 370 1085 401 sit
1106 369 1190 410 apud
1211 380 1266 401 nos
1289 370 1344 409 qui
1365 379 1488 401 necesse
1508 369 1625 401 habeat
1645 369 1735 410 huju-

232 428 366 460 scemodi
387 428 481 459 fidem
504 428 616 465 facere,
637 428 663 458 si
677 428 746 468 quis
768 430 866 459 estex
880 428 1055 459 domesticis
1076 428 1140 458 tuis
1160 427 1215 467 qui
1235 427 1310 458 velit
1325 437 1433 458 curam
1453 427 1536 457 hanc
1555 427 1737 466 impensam-

231 496 292 526 que
312 486 426 522 subire,
448 487 484 516 ut
504 485 653 516 Venetias
674 486 781 516 mittat
802 485 840 517 de
862 485 909 516 his
930 485 1072 525 utrisque
1092 485 1196 522 rebus,
1225 487 1281 515 aut
1301 484 1393 515 simul
1413 487 1470 515 aut
1491 484 1529 514 de
1550 493 1739 524 unaquaque

227 553 376 580 seorsum,
396 543 572 574 confectum
594 543 754 582 publicum
775 543 1006 580 documentum,
1028 545 1060 574 et
1080 552 1247 582 expensam
1261 544 1293 573 et
1313 542 1453 573 laborem
1467 542 1478 558 ³
1500 541 1622 572 utiliter
1648 540 1738 572 collo-

230 601 324 632 cabit.
346 600 412 632 Hoc
425 601 490 641 ipse
507 601 666 641 promitto.
687 601 718 632 Si
739 601 851 638 minus,
873 601 1019 641 quoniam
1032 611 1095 632 non
1108 600 1209 632 solent
1229 599 1362 630 curiales
1376 609 1462 639 spem
1482 598 1604 639 praetio
1625 607 1736 635 emere,

230 657 342 690 saltem
365 660 400 689 ut
418 657 581 699 judicetur
601 668 641 689 an
663 658 774 690 haberi
793 658 890 699 possit
910 660 942 689 et
962 658 1073 698 quanti
1094 658 1152 689 hoc
1172 659 1254 698 peto.
1275 656 1363 688 Vale.

920 955 1059 986 LXXIII.

908 1029 936 1060 S.
959 1030 987 1060 d.
1011 1040 1036 1061 e.
1057 1030 1076 1060 i.

581 1106 646 1141 (Br.
659 1115 690 1141 p.
710 1106 801 1139 6314
820 1121 855 1126 -
875 1105 945 1133 PM.
966 1114 988 1133 c.
1008 1106 1064 1132 130
1077 1107 1116 1139 t.,·
1137 1122 1171 1125 —
1191 1105 1254 1133 PP.
1274 1113 1302 1134 n.
1322 1106 1398 1141 116.)

308 1197 351 1228 Μ.
365 1222 371 1228 .
385 1220 410 1227 ..
427 1195 460 1234 Q.
477 1195 631 1227 Canchius
643 1194 662 1231 ⁴,
684 1194 777 1233 primi
797 1193 882 1233 apud
905 1193 1040 1224 Venetos
1052 1193 1062 1210 ⁵
1082 1193 1209 1231 ordinis,
1230 1194 1412 1234 magnisque
1432 1194 1543 1234 opibus
1564 1194 1738 1233 abundans,

228 1256 296 1296 ipse
310 1254 512 1285 nihilominus
533 1253 564 1283 in
579 1251 783 1292 adquirendis
803 1251 923 1288 anxius,
939 1253 975 1282 ut
994 1261 1060 1282 mos
1076 1253 1125 1282 est
1146 1251 1295 1288 omnium,
1317 1261 1415 1291 quum
1435 1251 1613 1292 subjectum
1625 1252 1635 1269 ‘³'
1657 1251 1740 1283 aedi-

230 1313 289 1344 bus
303 1312 313 1328 ⁷
334 1311 397 1342 suis
419 1314 558 1342 sutorem
580 1308 749 1349 quemdam
769 1308 910 1345 haberet,
931 1308 1018 1339 brevi
1039 1307 1106 1339 lare
1128 1311 1322 1345 contentum,
1344 1311 1375 1339 et
1389 1308 1501 1340 diurno
1522 1311 1658 1349 quaestu
1677 1309 1736 1340 sibi

231 1372 263 1401 et
284 1369 375 1401 uxori
398 1371 488 1408 (nam
508 1377 571 1398 non
592 1366 724 1407 longiori
744 1365 865 1397 familia
885 1365 1084 1405 arctabatur)
1100 1365 1216 1396 victum
1236 1368 1450 1405 quaerentem,
1474 1369 1514 1403 et,
1529 1366 1612 1406 quod
1632 1366 1741 1406 impos-

229 1427 319 1459 sibile
341 1426 401 1457 sibi
431 1424 600 1456 videbatur
623 1424 763 1455 intanta
783 1423 829 1454 rei
849 1422 1013 1454 familiaris
1033 1422 1175 1462 penuria,
1197 1422 1328 1461 felicem,
1351 1427 1387 1454 ut
1407 1423 1483 1463 qui53
1504 1433 1543 1454 ne
1564 1423 1597 1454 id
1611 1423 1739 1464 quidem

229 1486 269 1515 de
291 1494 323 1515 se
344 1493 414 1514 cum
434 1482 649 1523 postularetur
668 1480 826 1512 affirmare
847 1480 1028 1516 dubitaret3
1054 1479 1148 1517 hunc,
1171 1490 1269 1519 quum
1290 1479 1430 1520 quotidie
1459 1480 1549 1512 domo
1572 1481 1677 1512 exiens
1697 1490 1742 1512 re-

229 1542 380 1581 diensque
399 1540 520 1571 laetum
541 1548 663 1579 semper
678 1541 710 1569 et
724 1540 903 1569 cantantem
924 1537 1055 1575 videret,
1075 1537 1246 1568 conditioni
1270 1538 1336 1578 ejus
1357 1537 1477 1569 invidit.
1498 1538 1612 1578 Itaque
1630 1539 1744 1570 statuit

228 1602 364 1635 tentare,
385 1607 458 1638 opes
478 1607 517 1628 ne
538 1606 570 1627 se
592 1596 721 1627 anxium
741 1595 833 1626 illum
852 1595 958 1635 inopia
978 1595 1098 1626 laetum
1118 1594 1274 1626 redderet.
1302 1595 1322 1626 J
1326 1595 1402 1626 ubet
1424 1606 1496 1636 ergo
1517 1595 1556 1626 de
1583 1596 1741 1627 industria

229 1656 335 1696 magni
355 1655 425 1687 auri
438 1654 559 1695 pondus
579 1653 730 1684 inlocum
750 1653 869 1693 conjici,
889 1653 923 1683 in
941 1662 1034 1692 quem
1054 1662 1146 1683 nemo
1160 1654 1285 1692 poterat
1305 1652 1391 1692 prior
1411 1652 1610 1691 intervenire,
1632 1664 1715 1685 eum·
1728 1654 1739 1671 ⁹

230 1724 292 1754 que
313 1713 444 1744 mandat
463 1711 631 1749 observari,
652 1711 813 1751 quidnam,
845 1711 970 1749 reperto
992 1720 1080 1747 auro,
1108 1713 1191 1750 agat.
1224 1709 1275 1740 Fit
1295 1712 1332 1740 ut
1350 1709 1450 1750 jubet.
1483 1710 1656 1743 Intervenit
1675 1711 1740 1750 ille,

230 1782 344 1803 aurum
362 1770 500 1802 offendit.
531 1769 651 1800 Haeret
671 1769 808 1808 primum
838 1767 991 1807 stupidus,
1029 1769 1127 1807 utque
1153 1767 1231 1798 nihil
1259 1768 1474 1808 hujuscemodi
1501 1768 1565 1799 tale
1591 1772 1740 1809 speraret.

229 1829 289 1861 Sed
310 1828 450 1869 nequivit
470 1827 598 1858 tandem
619 1826 723 1866 pravis
744 1824 942 1865 opinionibus
958 1825 1132 1865 ingenitum
1143 1825 1165 1841 ¹⁰
1186 1824 1363 1856 hominibus
1384 1835 1522 1856 errorem
1542 1826 1739 1858 continenter

231 1887 377 1918 fraenare
392 1886 421 1916 ¹¹.
443 1885 556 1924 Itaque
577 1883 788 1923 circumspicit
803 1883 834 1920 ¹²,
855 1883 881 1913 si
902 1882 970 1922 quis
992 1892 1064 1914 eum
1084 1882 1205 1914 viderit.
1228 1881 1288 1920 Qui
1310 1893 1407 1922 quum
1421 1883 1442 1900 ¹³
1463 1883 1619 1915 neminem
1630 1884 1739 1916 adesse

230 1944 445 1980 intellexisset,
467 1953 579 1973 aurum
594 1941 687 1981 rapit,
701 1940 828 1971 domum
841 1939 957 1979 raptim
971 1939 1188 1980 proficiscitur,
1209 1940 1358 1979 homines,
1372 1940 1477 1978 bruta,
1498 1944 1645 1980 parentes
1658 1941 1739 1982 ipsos

229 2000 430 2041 pertimescit,
451 2009 488 2031 ac
511 2009 550 2030 ne
572 1998 662 2030 uxori
683 1997 810 2038 quidem
830 1997 997 2037 propalare
1018 1997 1051 2027 id
1071 1996 1169 2028 audet
1184 1997 1214 2028 ¹⁴.

242 2086 248 2103 ⁴
271 2085 317 2113 ΒΥ.
338 2084 399 2111 PM.
418 2084 473 2111 PP.
486 2083 583 2118 potest
1016 2082 1027 2100 8
1046 2081 1101 2109 PP.
1121 2081 1197 2116 qnod
1214 2089 1261 2116 per
1280 2083 1329 2116 qui

241 2131 252 2147 2¹
272 2129 326 2156 PP.
339 2128 539 2163 probarentur
1015 2126 1026 2145 ⁸³
1044 2126 1097 2154 Nei
1115 2125 1202 2154 codici
1225 2126 1354 2162 Cumque

241 2174 250 2191 3
270 2174 316 2201 Br.
334 2173 376 2200 81.
396 2172 457 2199 PM.
478 2173 504 2199 et
521 2179 675 2206 expensum
693 2170 819 2198 lahorem
1004 2172 1027 2189 ¹0
1045 2171 1101 2198 PP.
1118 2171 1266 2206 ‘inyratmn

240 2218 251 2236 »ἱ
270 2218 325 2245 ΡΡ.
344 2217 440 2246 Μ....
460 2226 557 2251 q....;
576 2215 622 2243 ΒΓ.
643 2214 703 2242 ΡΜ.
724 2214 820 2243 M...
839 2221 864 2249 q.
889 2213 963 2242 Can-
1001 2217 1019 2233 ¹¹
1041 2216 1097 2243 PP.
1115 2216 1268 2251 continere,
1288 2216 1425 2250 fraenare

263 2263 345 2290 chius
1003 2260 1026 2278 ¹²³
1046 2260 1099 2288 PP.
1118 2260 1347 2295 circumspiciens

242 2309 252 2327 f·
272 2307 327 2335 PP.
353 2306 525 2335 Venetorum
1003 2305 1025 2324 ⁴³
1045 2304 1106 2332 PM.
1125 2304 1202 2338 quod
1219 2313 1283 2332 cum

241 2352 253 2370 ‘i
272 2351 326 2380 PP.
346 2351 445 2379 omette
463 2351 488 2378 le
507 2350 601 2385 parole
619 2358 708 2385 quum
726 2349 879 2381 subjectam
1003 2349 1025 2368 Η
1043 2349 1070 2377 11
1089 2350 1162 2377 resto
1181 2357 1278 2377 manca

243 2397 253 2415 7
274 2397 319 2424 ΒΓ.
338 2395 398 2424 ΡΜ.
419 2395 589 2423 haeredibus
608 2402 655 2429 per
674 2394 790 2423 aedibus

1836 1542 1845 1593 ³.

1838 1601 1845 1647 ἔ
