1845 3076
239 158 278 190 78
867 165 892 189 P.
913 165 939 188 P.
958 165 1105 189 vchEfflo

953 298 1034 329 LVI.

604 387 785 421 UGONI
826 389 894 420 DE
934 389 1233 420 FERRARIA
1273 389 1300 421 S.
1338 390 1375 421 D.

730 471 926 501 Jusrmopom,
947 472 1035 495 sorus
1056 472 1133 495 snpr.
1157 464 1242 495 1401.

649 537 756 573 (Bnp.
770 538 811 565 23
823 539 858 572 15,‚·
872 555 904 558 —
918 538 989 566 PM.
1002 547 1023 567 c.
1037 539 1090 573 93,·
1105 555 1137 558 —
1152 538 1215 566 PP.
1228 547 1257 566 n.
1271 539 1331 575 73)

317 611 535 642 Immemorem
565 619 615 640 me
645 608 765 648 putasti
787 611 819 640 et
841 608 932 639 amici
962 608 1088 649 negotia
1107 618 1147 639 ne
1167 609 1215 639 uti
1235 609 1362 649 propria
1393 612 1589 647 curaturum,
1619 610 1741 650 putasti

238 668 384 709 equidem
405 667 460 707 qui
480 666 672 697 immeritum
692 676 748 706 per
769 665 934 705 epistolam
948 667 1036 696 tuam
1057 668 1121 696 tam
1143 665 1222 696 duro
1243 669 1372 706 tamque
1389 666 1454 698 acri
1474 676 1615 698 sermone
1636 667 1740 698 redar-

238 727 318 768 guis.
339 726 384 756 Ea
397 724 475 756 solet
490 734 556 755 esse
571 723 709 755 absentis
730 722 861 754 formido
882 722 996 763 quibus
1011 722 1099 754 exilis
1113 733 1151 754 ex
1166 723 1304 754 amicitia
1319 733 1388 763 spes
1409 724 1562 763 provenit,
1577 726 1613 755 ut
1627 727 1741 755 cuncta

238 794 320 824 quae
341 793 403 814 non
425 791 525 821 aeque
545 781 616 818 cito,
647 780 695 811 uti
714 780 891 817 voluerunt,
924 779 1008 810 facta
1022 780 1033 797 ²
1053 779 1123 818 sint,
1154 780 1346 821 negligentia
1366 780 1484 812 infecta
1505 781 1644 818 credant,
1666 791 1742 812 sem-

240 851 358 882 perque
372 839 558 871 oblivionem
577 838 738 868 incurrere
751 837 762 854 ³
783 837 916 868 timeant
931 836 950 867 ⁴¹.
973 836 1057 867 Talis
1076 836 1135 868 tibi
1149 837 1252 876 opinio
1274 838 1312 868 de
1327 848 1377 868 me
1391 847 1593 877 nequaquam
1612 838 1740 869 evenire

239 899 344 936 debet,
364 899 532 938 propterea
552 895 636 935 quod
657 895 732 925 satis
752 894 835 925 bona
848 894 859 911 ⁵
889 894 971 925 inest
990 894 1023 924 in
1044 904 1094 925 me
1113 897 1272 933 memoria,
1294 897 1326 926 et
1347 898 1404 926 tua
1423 895 1530 931 virtus,
1560 895 1653 936 longa
1674 906 1742 927 con-

238 955 406 988 suetudine
426 953 608 989 confricata,
627 952 726 982 menti
747 951 902 982 tenaciter
923 950 1070 982 inhaesit.
1092 950 1196 989 Quare
1210 951 1270 983 tibi
1290 951 1422 983 firmiter
1441 952 1606 992 persuade,
1627 955 1668 990 te,
1684 953 1743 984 ut‘3

239 1016 353 1045 cuncta
375 1010 519 1042 excidant
539 1010 578 1040 de
598 1011 702 1039 mente
722 1018 801 1045 mea,
822 1018 885 1038 non
905 1007 996 1039 facile
1016 1007 1081 1039 labi
1102 1018 1198 1048 posse.
1222 1008 1351 1040 Gaudeo
1372 1011 1477 1040 tamen
1499 1009 1578 1041 haec
1597 1010 1743 1041 interces-

238 1071 322 1107 sisse,
342 1078 425 1109 quae
445 1077 494 1098 me
509 1066 659 1106 epistolae
679 1068 755 1096 tuae
774 1065 959 1104 participem
981 1064 1064 1102 fecit,
1086 1066 1152 1096 sine
1173 1075 1245 1106 qua,
1261 1068 1298 1096 ut
1318 1068 1394 1105 puto
1415 1066 1538 1098 omnino
1559 1066 1638 1097 nihil
1652 1066 1745 1107 scrip-

240 1128 344 1160 sisses:
359 1144 397 1149 —
411 1124 541 1166 gaudeo,
563 1122 710 1163 quoniam
726 1122 737 1138 ⁷
756 1132 813 1162 per
834 1132 912 1159 eam,
933 1122 1144 1154 valetudinem
1164 1125 1252 1153 tuam
1272 1123 1386 1154 bonam
1407 1125 1439 1154 et
1453 1123 1464 1140 ⁸
1483 1133 1641 1155 successus
1661 1133 1745 1163 pros-

237 1194 327 1226 peros
340 1184 360 1221 ⁹,
381 1182 490 1223 quales
510 1180 657 1212 continuo
677 1179 716 1210 de
736 1181 768 1210 te
788 1179 889 1219 cupio,
910 1179 1003 1210 avida
1023 1182 1127 1210 mente
1148 1180 1281 1219 percepi.
1313 1180 1493 1211 Maluissem
1513 1182 1619 1211 tamen
1642 1181 1741 1220 (quod.

238 1246 271 1274 te
291 1241 420 1282 posthac
441 1240 602 1270 facturum
623 1238 721 1278 rogo),
748 1239 784 1267 ut
805 1236 882 1266 mihi
903 1236 959 1267 soli
979 1236 1141 1276 epistolam
1169 1237 1409 1278 conscripsisses,
1423 1240 1456 1268 et
1476 1237 1553 1268 mihi
1573 1237 1630 1269 soli
1649 1238 1742 1268 unius

238 1300 335 1331 horae
356 1298 493 1338 spatium
507 1295 682 1327 dedicasses
696 1294 726 1325 ¹⁰.
747 1293 873 1332 Scribis,
888 1293 972 1333 quod
986 1293 1150 1325 mittamus
1164 1294 1222 1325 tibi
1236 1295 1316 1334 pira,
1331 1297 1368 1325 ut
1380 1294 1512 1334 polliciti
1532 1304 1648 1326 sumus.
1663 1294 1741 1325 Ecce

237 1358 304 1398 jam
318 1356 377 1388 tibi
399 1353 594 1386 amovebitur
615 1361 710 1384 causa
727 1350 883 1391 querelae.
906 1351 1164 1383 Transmittemus
1178 1352 1198 1369 ¹¹
1222 1362 1259 1383 ea
1280 1352 1339 1383 tibi
1359 1362 1415 1392 per
1434 1352 1572 1392 primum
1597 1351 1744 1383 idoneum

236 1414 396 1446 nuncium.
426 1412 544 1443 Vereor
563 1413 682 1447 tamen,
708 1419 747 1439 ne
768 1410 814 1446 tu,
835 1409 888 1448 qui
910 1408 975 1439 sine
997 1419 1091 1440 causa
1119 1409 1330 1441 immemorem
1359 1409 1473 1449 arguis,
1507 1408 1642 1449 acceptis
1669 1408 1745 1449 piris

238 1471 337 1511 magis
358 1471 520 1501 immemor
536 1469 558 1486 ¹²
578 1466 676 1499 nostri
696 1466 761 1498 fias.
781 1465 841 1497 Sed
867 1465 951 1497 Vale.

944 1723 1037 1753 LVII.

608 1800 676 1831 AD
712 1800 749 1830 D.
785 1797 1030 1830 MONTEM
1064 1797 1132 1828 DE
1166 1795 1332 1827 SENIS
1353 1796 1373 1813 ¹³

696 1882 870 1913 AQOELEJAE,
892 1881 989 1904 IDIBUS
1009 1880 1183 1909 memmius,
1205 1871 1290 1902 1384.

553 1952 617 1986 (Br.
630 1959 661 1986 p.
680 1951 741 1984 ,θός
761 1966 791 1969 —
815 1949 902 1983 G76;
921 1964 953 1968 —
974 1948 1045 1977 PM.
1065 1956 1086 1976 c.
1105 1948 1143 1975 90
1156 1948 1192 1981 t.‚·
1212 1963 1244 1966 —
1264 1946 1328 1975 PP.
1348 1954 1376 1974 n.
1395 1947 1432 1979 5.)

316 2022 544 2064 Indulgentiori
564 2032 640 2053 cura
668 2021 771 2053 solent
791 2020 925 2051 artifices
947 2019 1027 2056 novi,
1049 2028 1119 2049 cuni
1140 2017 1277 2058 primum
1298 2017 1358 2047 arti
1380 2027 1412 2048 se
1432 2016 1567 2057 cuipiam
1588 2016 1743 2055 dederint,

238 2092 321 2123 quae
336 2081 377 2113 ad
392 2081 468 2112 artis
484 2089 558 2111 suae
573 2078 755 2119 pertineant
768 2078 788 2094 11
804 2077 1001 2108 erudimenta
1016 2075 1208 2116 perquirere,
1230 2084 1324 2114 quani
1340 2074 1361 2090 ¹⁵
1382 2073 1457 2104 dum
1470 2074 1504 2104 in
1519 2084 1556 2105 ea
1571 2074 1592 2090 ¹²³
1612 2073 1744 2105 obsuda-

237 2140 341 2172 verint
356 2140 386 2178 ¹⁷,
418 2140 450 2169 et
470 2136 673 2169 assuetudine
692 2135 811 2167 fuerint
833 2133 999 2166 confortati
1013 2134 1042 2164 ¹²³.
1064 2133 1151 2163 Tunc
1165 2132 1257 2169 enim,
1272 2133 1328 2162 aut
1341 2130 1504 2171 disciplina
1524 2131 1628 2162 innati
1642 2131 1663 2148 ¹⁹
1686 2133 1742 2162 aut

248 2227 254 2243 1
277 2224 331 2253 PP.
351 2223 446 2251 exiliis
1009 2219 1027 2236 ¹¹
1049 2218 1104 2245 PP.
1126 2217 1171 2244 ΒΥ.
1191 2215 1413 2244 transmittimus

247 2270 259 2288 ²
278 2270 342 2298 Cod.
362 2269 443 2302 sacta
1009 2263 1031 2280 ¹¹2
1051 2262 1103 2289 Nei
1123 2260 1209 2289 codici
1227 2260 1418 2287 immemorem

248 2316 258 2333 3
279 2314 343 2342 Cod.
362 2321 444 2341 senza
461 2312 610 2340 1ι’πσῑιννενε
1010 2307 1032 2325 13
1052 2308 1101 2334 G:
1123 2303 1251 2332 Omnium
1270 2303 1350 2331 facile
1364 2301 1546 2331 disertissimo
1561 2302 1620 2331 viro
1633 2302 1744 2332 domino

247 2358 258 2376 1
278 2357 342 2385 Cod.
361 2357 461 2384 timent
1042 2350 1138 2378 Monte
1158 2349 1191 2377 de
1209 2348 1287 2375 Senis
1300 2347 1329 2375 in
1342 2347 1440 2375 Insula
1453 2355 1502 2375 ceu
1514 2347 1589 2382 patri
1603 2346 1743 2376 calissimo

246 2403 257 2422 5
277 2402 332 2430 PP.
351 2401 419 2429 bene
1008 2395 1031 2414 ¹4
1052 2395 1115 2422 Cosi
1136 2394 1184 2429 G.;
1203 2392 1243 2428 gli
1262 2391 1328 2420 altri
1340 2392 1490 2427 pertinent

246 2447 259 2465 ⁶
284 2445 321 2474 Ut
338 2454 386 2481 per
404 2442 610 2479 quand'anche
1007 2440 1031 2458 ⁴⁵
1049 2438 1112 2466 Cod.
1132 2438 1234 2465 innom.
1254 2436 1338 2464 citato
1358 2436 1403 2463 dal
1422 2435 1482 2464 PM.
1501 2435 1615 2472 Postea,
1629 2459 1635 2465 .
1648 2459 1674 2464 ..

247 2492 258 2510 7
278 2491 332 2519 PP.
351 2498 441 2524 quum
1010 2483 1032 2503 16
1051 2482 1114 2511 Cod.
1134 2481 1237 2509 innom.
1257 2480 1341 2508 citato
1361 2479 1407 2507 dal
1425 2479 1485 2508 PM.
1504 2487 1518 2508 e
1538 2480 1571 2509 G.
1589 2480 1622 2509 in
1640 2488 1682 2517 ea,
1695 2502 1701 2510 .
1715 2502 1722 2510 .
1735 2503 1744 2511 .

247 2537 258 2555 8
276 2535 330 2562 Nei
349 2533 436 2562 codici
455 2540 537 2560 senza
555 2532 583 2559 et
1009 2527 1030 2546 ¹⁷
1052 2528 1083 2555 G.
1101 2525 1302 2554 desudarerint

247 2580 260 2599 ‘³
278 2579 342 2607 Cod.
360 2585 442 2606 senza
454 2582 610 2611 prosperos
1009 2572 1031 2590 ¹⁸
1051 2572 1083 2599 G.
1103 2569 1267 2604 confricati,
1288 2575 1362 2596 come
1381 2567 1410 2595 in
1428 2568 1493 2596 altri
1512 2568 1599 2597 codici

237 2626 260 2644 ¹0
278 2624 333 2652 PP.
352 2621 497 2651 dedicares
1011 2616 1034 2634 ¹⁹
1053 2615 1123 2644 Non
1141 2614 1224 2647 natm
1245 2613 1276 2641 G.
1295 2612 1477 2648 disciplinam
1494 2614 1571 2642 nacti
