1845 3076
136 178 194 208 218
776 183 801 206 P.
825 184 850 206 P.
872 183 1020 206 venei-:1³10

134 269 306 301 considera.
323 268 390 299 Nee
404 268 515 304 lateat,
538 267 622 307 quod
636 270 672 298 tu
685 267 861 306 sophisticis
878 276 1003 298 exerces
1014 267 1022 283 ¹
1045 266 1209 307 judicium,
1226 277 1282 307 ego
1297 277 1370 299 vero
1384 267 1539 299 cavillosis
1558 267 1664 299 anfra-

132 326 236 357 ctibus
257 325 290 356 in
308 325 427 366 judicio
449 324 687 356 circumsedeor.

214 382 302 419 Vale,
325 382 368 412 mi
389 382 484 412 Petre
505 381 604 412 Paule
622 391 628 418 ;
646 384 776 421 tamque
798 380 952 412 laudabili
973 380 1131 420 proposito
1152 381 1270 418 insiste,
1291 381 1418 421 tuisque
1445 381 1544 412 literis
1570 390 1663 421 saepe

139 442 231 470 tuum
252 439 403 470 Sanctum
424 447 567 469 recreare
588 448 650 469 non
671 437 808 469 taedeat.

216 496 350 528 Sanctus
370 496 410 527 de
432 495 609 535 Peregrinis
632 505 702 526 vere
724 497 808 527 tuus.

835 707 968 738 CXLIV.

573 782 883 814 GUARINUS
918 781 1290 814 VERONENSIS

518 856 835 890 SPECTATISSIMO
851 856 948 888 VIRO
972 857 1004 888 P.
1024 857 1056 888 P.
1079 855 1286 888 VERGERIO

580 941 617 963 EX
639 940 778 963 VENETns
800 940 838 962 VI.
862 940 929 962 ΚΑΒ.
952 939 1133 962 SEPTEMBRIS
1153 941 1175 962 S.
1197 941 1224 962 a.

367 1010 450 1045 (PP.
470 1018 497 1037 n.
518 1009 577 1036 142
596 1024 630 1027 —
650 1008 698 1035 dai
717 1007 815 1035 Codici
840 1006 962 1042 Ollonyo
981 1016 995 1034 e
1015 1007 1060 1034 del
1079 1007 1163 1035 Mon.
1185 1007 1215 1034 di
1235 1007 1264 1035 S.
1284 1007 1442 1043 Ayostino;

427 1072 469 1100 ed.
490 1070 648 1105 Bernccrdi,
668 1069 757 1097 Ascli.
780 1068 855 1097 δίον.
875 1069 935 1096 III
949 1076 1002 1096 ser.
1022 1068 1078 1096 rol.
1099 1067 1221 1096 XXIII
1231 1077 1263 1103 p.
1283 1070 1373 1104 179.)

214 1143 245 1174 Si
267 1143 352 1174 vales
374 1142 455 1173 bene
478 1143 534 1177 est,
558 1150 613 1180 ego
634 1139 762 1179 quidem
791 1139 888 1169 valeo.
912 1138 1060 1169 Nicolaus
1091 1138 1239 1178 phisicus,
1260 1139 1465 1171 amicissimus
1493 1150 1590 1179 meus,
1612 1141 1667 1180 qui

136 1203 206 1233 est²
226 1202 259 1231 in
280 1200 339 1231 hae
360 1198 583 1230 florentissima
597 1197 725 1228 civitate
747 1196 838 1227 tum3
859 1195 1004 1227 doctrina
1020 1198 1088 1226 tum
1110 1195 1263 1226 modestia
1278 1196 1458 1235 primarius,
1474 1207 1576 1237 nuper
1591 1197 1669 1228 mihi

134 1259 272 1290 salutem
295 1257 397 1289 verbis
418 1257 481 1287 tuis
503 1255 584 1286 dixit
597 1255 618 1292 ⁴,
650 1263 763 1294 meque
785 1253 934 1284 continuo
949 1254 959 1270 ⁵
992 1253 1024 1283 in
1053 1263 1159 1284 amore
1181 1256 1236 1284 tuo
1264 1263 1332 1285 esse
1354 1254 1569 1286 testimonium
1600 1255 1668 1286 red-

135 1317 218 1348 didit
233 1316 252 1347 6.
276 1315 365 1354 Quod
380 1325 478 1354 quum
500 1315 605 1351 antea,
622 1312 671 1343 vel
692 1322 728 1342 eo
750 1314 884 1347 tacente,
899 1313 1099 1350 perspectum
1114 1311 1191 1341 mihi
1204 1314 1287 1342 esset
1309 1311 1494 1351 (cognitum
1511 1312 1593 1343 enim
1614 1312 1667 1344 ha-

135 1374 260 1410 bebam,
283 1376 314 1404 et
335 1371 522 1403 facilitatem
536 1371 556 1407 ⁷,
580 1373 611 1401 et
632 1369 865 1402 humanitatem
886 1368 974 1399 illam
995 1370 1084 1399 tuam
1107 1378 1187 1408 pene
1208 1368 1348 1399 divinam
1362 1370 1382 1407 ),
1401 1369 1667 1409 jucundissimum

134 1434 242 1462 tamen
263 1433 360 1470 atque
382 1428 595 1469 gratissimum
612 1427 683 1464 fuit,
705 1429 741 1458 ut
755 1426 813 1457 tali
827 1426 902 1463 viro,
917 1426 979 1456 imo
1001 1425 1146 1456 omnibus
1172 1436 1312 1456 amorem
1334 1429 1366 1456 et
1384 1426 1539 1466 judicium
1561 1426 1600 1458 de
1617 1437 1667 1458 me

135 1492 226 1520 tuum
248 1487 396 1527 aperire-S.
419 1485 514 1516 Haud
535 1484 618 1515 enim
633 1483 790 1515 occultum
811 1492 876 1514 esse
898 1485 1001 1522 potest
1017 1482 1171 1522 quidquid
1194 1482 1241 1513 vel
1265 1483 1429 1514 minimum
1452 1493 1504 1514 vos
1529 1483 1668 1515 illustres

138 1556 176 1577 ao
197 1544 411 1585 probatissimi
424 1543 565 1574 homines
582 1541 697 1582 geritis.
714 1540 779 1571 Nec
794 1550 867 1571 vero
884 1550 1076 1579 quemquam
1092 1550 1111 1570 a
1126 1540 1211 1571 vobis
1228 1540 1317 1580 diligi
1338 1550 1428 1580 posse
1449 1541 1552 1578 credo,
1568 1551 1665 1581 quem

135 1613 199 1634 non
220 1602 369 1640 moribus,
391 1603 449 1632 aut
472 1600 589 1630 virtute
610 1599 698 1639 prius
729 1598 841 1629 florere
863 1597 1056 1628 censueritis.
1072 1597 1083 1613 ⁸
1116 1596 1270 1635 Quocirca
1301 1607 1339 1628 ex
1372 1597 1431 1628 hac
1452 1598 1522 1638 ipsa
1550 1608 1584 1629 re
1606 1609 1669 1630 non

136 1661 326 1692 mediocrem
346 1668 421 1689 sane
443 1657 521 1688 mihi
542 1656 668 1688 laudem
690 1658 866 1696 reportasse
887 1658 954 1686 tum
977 1654 1093 1691 videor,
1115 1656 1185 1685 tum
1207 1655 1358 1695 gratulor.
1382 1655 1466 1686 Nam
1488 1656 1565 1696 quid
1590 1656 1669 1687 mihi

137 1717 321 1758 optabilius,
350 1715 427 1756 quid
448 1716 481 1745 in
502 1714 568 1746 vita
589 1713 841 1754 magnificentius
863 1712 1044 1752 contingere
1075 1714 1188 1751 potest,
1220 1723 1316 1752 quam
1338 1715 1372 1743 ut
1399 1713 1670 1745 excellentissimis

136 1779 169 1807 et
190 1777 223 1806 in
245 1775 329 1806 omni
351 1774 454 1806 laudis
487 1783 601 1814 genere
623 1770 847 1803 laudatissimis
878 1770 951 1800 viris
973 1769 1099 1809 placere
1130 1770 1242 1801 dicar?
1273 1769 1357 1801 Tuas
1379 1770 1513 1802 subinde
1545 1771 1670 1802 litteras

136 1833 275 1864 ostendit
290 1833 310 1869 ⁹,
333 1832 448 1872 quibus
470 1840 587 1867 mones,
603 1832 639 1860 ut
654 1838 850 1860 communem
872 1830 1109 1867 praeceptorem
1126 1829 1157 1858 et
1174 1827 1416 1859 immortalitate
1431 1828 1561 1868 dignum
1577 1828 1674 1860 homi-

138 1901 210 1922 nem
227 1901 265 1921 ex
282 1889 464 1921 mortalium
478 1887 630 1919 memoria
642 1886 746 1927 perire
762 1895 824 1916 non
837 1885 981 1916 sinerem.
998 1884 1157 1921 Obniutui,
1173 1885 1286 1922 fateor,
1301 1888 1494 1925 stupensque
1506 1886 1528 1902 ¹⁰
1548 1895 1672 1916 mecum

137 1958 263 1980 versare
286 1947 384 1987 coepi,
407 1956 502 1986 qnam
517 1944 619 1976 ardua
635 1953 793 1983 quamque
814 1942 970 1972 1111111111011
995 1947 1117 1985 φορητὰ
1140 1941 1350 1973 imbecillibus
1364 1942 1507 1982 imponas
1524 1942 1672 1974 humeris.

140 2008 232 2046 Nam,
249 2008 372 2048 quoties
389 2005 517 2037 Manuel
535 2004 725 2046 Crysola1-aS‚
742 2013 814 2034 vere
827 2002 849 2019 ¹²²
873 2006 995 2042 ἰσόθεος
1019 2007 1087 2045 φώς
1102 2003 1189 2035 venit
1203 2003 1235 2033 in
1251 2005 1400 2040 mentem,
1413 2012 1515 2033 nonne
1529 2003 1551 2019 ¹³
1573 2005 1605 2034 et
1620 2002 1673 2033 ille

136 2069 198 2100 tibi
219 2078 372 2108 inagnum
401 2066 583 2106 quempiam
612 2067 645 2096 et
666 2064 956 2104 eloquentissimum
988 2066 1136 2104 expetere
1157 2063 1283 2095 videtur
1309 2066 1477 2099 oratorem,
1508 2063 1563 2103 qui
1585 2073 1667 2100 eum,

137 2136 200 2157 non
222 2128 287 2156 tam
309 2125 358 2155 sui
379 2134 476 2164 quam
491 2122 684 2163 posteritatis
706 2122 819 2162 gratia,
841 2123 965 2161 scriptis
987 2122 1188 2162 exprimeret,
1204 2124 1239 2152 ut
1259 2121 1401 2153 homines
1416 2120 1667 2160 integerrimum,

146 2213 152 2228 ¹
176 2211 260 2238 Gnar.
280 2217 339 2237 csse
358 2216 407 2243 per
427 2215 539 2236 merces
927 2207 947 2224 ¹⁰
966 2206 1048 2235 Bern.
1067 2213 1280 2241 suspensusque

147 2256 157 2272 2
181 2255 246 2283 Cod.
265 2254 291 2282 S
311 2255 401 2287 Aug:
421 2260 434 2279 e
455 2252 510 2280 PP.
531 2259 613 2279 senza
633 2253 681 2279 est.
925 2251 946 2268 ¹¹
967 2254 1071 2283 φορητᾱι
1091 2250 1262 2283 tollet-unda,
1276 2250 1439 2284 portabilia
1454 2250 1537 2277 Bern.
1553 2249 1676 2276 maxime

149 2301 159 2317 3
179 2299 241 2326 Cosi
261 2298 287 2326 S.
308 2298 382 2333 Aug.
397 2297 452 2324 PP.
467 2297 567 2324 omette
587 2297 647 2323 tmn
667 2317 672 2323 .
689 2318 693 2323 .
709 2316 715 2323 .
730 2318 735 2322 .
748 2294 887 2322 modestia
958 2294 1166 2322 ‘intollerabtlm

149 2344 159 2361 ⁴
173 2344 200 2372 S.
220 2343 294 2378 Aug.
316 2341 403 2375 dixitg
425 2340 480 2368 PP.
496 2340 597 2368 omette
925 2340 946 2356 ¹2
966 2338 1136 2373 aequandus
1147 2338 1208 2366 Deo
1221 2338 1277 2373 vir,
1291 2337 1351 2366 sive
1365 2346 1429 2366 vere
1443 2338 1560 2365 divinus
1570 2337 1659 2365 homo.

148 2389 159 2406 ⁵
179 2388 235 2416 PP.
255 2387 355 2414 animo
927 2384 948 2401 ¹³
968 2382 998 2410 Ι]
1011 2382 1124 2417 apodosi
1144 2382 1180 2410 da
1198 2390 1295 2410 noune
1311 2390 1327 2409 a
1346 2382 1501 2410 haurirent
1518 2381 1628 2417 leggesi
1647 2381 1677 2409 in

148 2434 159 2450 θ
180 2432 259 2459 Bern.
281 2431 381 2459 omette
401 2430 436 2457 (la
456 2429 581 2457 reddidit
600 2437 617 2456 a
636 2430 701 2456 tuas
720 2427 842 2456 subinde
959 2427 1042 2455 Bern.
1056 2428 1132 2454 cosi:
1152 2435 1249 2455 nonne
1263 2428 1290 2454 et
1301 2427 1352 2455 ille
1366 2427 1417 2454 tibi
1429 2434 1569 2461 quamtum
1582 2434 1677 2461 quem-

148 2478 158 2494 ⁷
179 2476 310 2509 facilitas
329 2483 378 2510 per
396 2473 535 2502 affabilitu
952 2472 1039 2506 piam
1058 2473 1085 2499 et
1112 2471 1380 2506 eloquentissimum
1405 2471 1677 2504 sanctissmnumque

149 2522 160 2539 ⁸
179 2520 205 2548 S.
225 2520 299 2554 Aug.
319 2528 384 2546 eum
401 2517 544 2551 sciveritis
959 2515 1057 2543 virum
1084 2515 1160 2544 sieut
1183 2516 1346 2550 perfectum
1374 2515 1519 2550 quoddam
1545 2515 1676 2543 intuetur

148 2567 159 2582 ⁰
178 2565 232 2592 PP.
253 2565 319 2592 nota
338 2563 387 2591 che
407 2562 435 2590 iu
456 2562 520 2591 Cod.
542 2561 663 2596 Ollongo
682 2568 738 2589 11011
758 2560 783 2588 si
802 2560 882 2596 legge
954 2560 1104 2594 speculum
1133 2561 1159 2587 et
1183 2559 1354 2594 exemplar?
1382 2559 1431 2587 Poi
1457 2560 1556 2587 omette
1581 2558 1675 2594 quella

171 2609 239 2637 bene
258 2608 375 2644 obtulit,
394 2608 420 2635 S.
436 2607 509 2641 Aug.
523 2605 559 2634 ha
573 2605 695 2634 ostendit
707 2614 720 2633 e
731 2606 788 2633 cosi
802 2605 883 2634 Bern.
957 2605 1036 2639 parte
1050 2603 1124 2632 della
1135 2604 1234 2632 lettera
1247 2604 1296 2632 che
1311 2612 1344 2633 va
1357 2603 1419 2632 sino
1431 2612 1448 2632 a
1459 2603 1518 2632 Sed
1530 2603 1602 2639 quid
1613 2611 1675 2639 eqo.
