<?xml version="1.0" encoding="UTF-8"?>
<!DOCTYPE html PUBLIC "-//W3C//DTD XHTML 1.0 Transitional//EN"
    "http://www.w3.org/TR/xhtml1/DTD/xhtml1-transitional.dtd">
<html xmlns="http://www.w3.org/1999/xhtml" xml:lang="en" lang="en">
 <head>
  <title>
</title>
<meta http-equiv="Content-Type" content="text/html;charset=utf-8" />
  <meta name='ocr-system' content='tesseract 3.04.00' />
  <meta name='ocr-capabilities' content='ocr_page ocr_carea ocr_par ocr_line ocrx_word'/>
</head>
<body>
  <div class='ocr_page' id='page_1' title='image "./epistole00verguoft_0172.png"; bbox 0 0 1845 3076; ppageno 0'>
   <div class='ocr_carea' id='block_1_1' title="bbox 245 157 1116 190">
    <p class='ocr_par' dir='ltr' id='par_1_1' title="bbox 245 157 1116 190">
     <span class='ocr_line' id='line_1_1' title="bbox 245 157 1116 190; baseline 0.001 -2"><span class='ocrx_word' id='word_1_1' title='bbox 245 157 303 188; x_wconf 86' lang='lat'>104</span> <span class='ocrx_word' id='word_1_2' title='bbox 874 167 900 190; x_wconf 84' lang='lat' dir='ltr'>P.</span> <span class='ocrx_word' id='word_1_3' title='bbox 920 167 945 190; x_wconf 78' lang='lat' dir='ltr'>P.</span> <span class='ocrx_word' id='word_1_4' title='bbox 967 167 1116 190; x_wconf 73' lang='lat' dir='ltr'>vunenmo</span> 
     </span>
    </p>
   </div>
   <div class='ocr_carea' id='block_1_2' title="bbox 223 249 1745 2188">
    <p class='ocr_par' dir='ltr' id='par_1_2' title="bbox 223 249 1745 2188">
     <span class='ocr_line' id='line_1_2' title="bbox 240 249 1740 292; baseline 0.003 -12"><span class='ocrx_word' id='word_1_5' title='bbox 240 249 338 289; x_wconf 88' lang='lat' dir='ltr'>igitur</span> <span class='ocrx_word' id='word_1_6' title='bbox 358 251 390 281; x_wconf 91' lang='lat' dir='ltr'>et</span> <span class='ocrx_word' id='word_1_7' title='bbox 404 249 534 289; x_wconf 86' lang='lat' dir='ltr'>triginta</span> <span class='ocrx_word' id='word_1_8' title='bbox 554 249 644 281; x_wconf 87' lang='lat' dir='ltr'>annis</span> <span class='ocrx_word' id='word_1_9' title='bbox 662 250 820 290; x_wconf 87' lang='lat' dir='ltr'>stipendia</span> <span class='ocrx_word' id='word_1_10' title='bbox 840 260 860 281; x_wconf 87' lang='lat' dir='ltr'>a</span> <span class='ocrx_word' id='word_1_11' title='bbox 880 251 921 287; x_wconf 86' lang='lat' dir='ltr'>te,</span> <span class='ocrx_word' id='word_1_12' title='bbox 942 250 1079 290; x_wconf 79' lang='lat' dir='ltr'>itemque</span> <span class='ocrx_word' id='word_1_13' title='bbox 1099 261 1119 282; x_wconf 86' lang='lat' dir='ltr'>a</span> <span class='ocrx_word' id='word_1_14' title='bbox 1138 253 1229 292; x_wconf 88' lang='lat' dir='ltr'>patre</span> <span class='ocrx_word' id='word_1_15' title='bbox 1248 253 1303 283; x_wconf 89' lang='lat' dir='ltr'>tuo</span> <span class='ocrx_word' id='word_1_16' title='bbox 1315 252 1333 290; x_wconf 75' lang='lat'>¹,</span> <span class='ocrx_word' id='word_1_17' title='bbox 1354 253 1402 283; x_wconf 85' lang='lat' dir='ltr'>vir</span> <span class='ocrx_word' id='word_1_18' title='bbox 1421 252 1509 283; x_wconf 88' lang='lat' dir='ltr'>fortis</span> <span class='ocrx_word' id='word_1_19' title='bbox 1529 253 1613 290; x_wconf 91' lang='lat' dir='ltr'>tulit,</span> <span class='ocrx_word' id='word_1_20' title='bbox 1633 253 1740 285; x_wconf 82' lang='lat' dir='ltr'>omnia</span> 
     </span>
     <span class='ocr_line' id='line_1_3' title="bbox 241 306 1741 348; baseline 0.004 -12"><span class='ocrx_word' id='word_1_21' title='bbox 241 306 316 337; x_wconf 90' lang='lat' dir='ltr'>belli</span> <span class='ocrx_word' id='word_1_22' title='bbox 329 306 476 347; x_wconf 82' lang='lat' dir='ltr'>pacisque</span> <span class='ocrx_word' id='word_1_23' title='bbox 498 317 630 338; x_wconf 88' lang='lat' dir='ltr'>munera</span> <span class='ocrx_word' id='word_1_24' title='bbox 643 310 768 339; x_wconf 89' lang='lat' dir='ltr'>strenue</span> <span class='ocrx_word' id='word_1_25' title='bbox 790 307 920 347; x_wconf 80' lang='lat' dir='ltr'><strong>peregit.</strong></span> <span class='ocrx_word' id='word_1_26' title='bbox 934 307 996 338; x_wconf 90' lang='lat' dir='ltr'>Vos</span> <span class='ocrx_word' id='word_1_27' title='bbox 1016 310 1121 339; x_wconf 88' lang='lat' dir='ltr'>autem</span> <span class='ocrx_word' id='word_1_28' title='bbox 1132 309 1151 347; x_wconf 79' lang='lat'>²,</span> <span class='ocrx_word' id='word_1_29' title='bbox 1173 319 1230 348; x_wconf 89' lang='lat' dir='ltr'>pro</span> <span class='ocrx_word' id='word_1_30' title='bbox 1243 309 1340 340; x_wconf 87' lang='lat' dir='ltr'>tantis</span> <span class='ocrx_word' id='word_1_31' title='bbox 1358 309 1487 347; x_wconf 83' lang='lat' dir='ltr'>meritis,</span> <span class='ocrx_word' id='word_1_32' title='bbox 1501 310 1655 341; x_wconf 77' lang='lat' dir='ltr'><strong>extulistis</strong></span> <span class='ocrx_word' id='word_1_33' title='bbox 1670 320 1741 342; x_wconf 89' lang='lat' dir='ltr'>cum</span> 
     </span>
     <span class='ocr_line' id='line_1_4' title="bbox 239 363 1744 405; baseline 0.003 -11"><span class='ocrx_word' id='word_1_34' title='bbox 239 363 417 401; x_wconf 82' lang='lat' dir='ltr'>honoribus,</span> <span class='ocrx_word' id='word_1_35' title='bbox 438 364 659 404; x_wconf 85' lang='lat' dir='ltr'>magnificastis</span> <span class='ocrx_word' id='word_1_36' title='bbox 680 364 787 405; x_wconf 84' lang='lat' dir='ltr'>gloria,</span> <span class='ocrx_word' id='word_1_37' title='bbox 804 368 836 396; x_wconf 91' lang='lat' dir='ltr'>et</span> <span class='ocrx_word' id='word_1_38' title='bbox 856 365 967 405; x_wconf 89' lang='lat' dir='ltr'>opibus</span> <span class='ocrx_word' id='word_1_39' title='bbox 988 365 1203 405; x_wconf 77' lang='lat' dir='ltr'>complevistis,</span> <span class='ocrx_word' id='word_1_40' title='bbox 1224 368 1261 397; x_wconf 87' lang='lat' dir='ltr'>ut</span> <span class='ocrx_word' id='word_1_41' title='bbox 1273 376 1335 397; x_wconf 89' lang='lat' dir='ltr'>non</span> <span class='ocrx_word' id='word_1_42' title='bbox 1355 366 1525 405; x_wconf 72' lang='lat' dir='ltr'>dubitaret,</span> <span class='ocrx_word' id='word_1_43' title='bbox 1539 376 1571 397; x_wconf 87' lang='lat' dir='ltr'>se</span> <span class='ocrx_word' id='word_1_44' title='bbox 1591 367 1744 399; x_wconf 87' lang='lat' dir='ltr'>liberalis-</span> 
     </span>
     <span class='ocr_line' id='line_1_5' title="bbox 239 420 1745 464; baseline 0.002 -12"><span class='ocrx_word' id='word_1_45' title='bbox 239 420 323 452; x_wconf 84' lang='lat' dir='ltr'>simis</span> <span class='ocrx_word' id='word_1_46' title='bbox 343 421 545 461; x_wconf 80' lang='lat' dir='ltr'>principibus,</span> <span class='ocrx_word' id='word_1_47' title='bbox 572 422 627 461; x_wconf 89' lang='lat' dir='ltr'>qui</span> <span class='ocrx_word' id='word_1_48' title='bbox 654 431 716 453; x_wconf 91' lang='lat' dir='ltr'>non</span> <span class='ocrx_word' id='word_1_49' title='bbox 736 422 935 454; x_wconf 86' lang='lat' dir='ltr'>mediocriter</span> <span class='ocrx_word' id='word_1_50' title='bbox 961 423 1230 463; x_wconf 81' lang='lat' dir='ltr'>uniuscujusque3</span> <span class='ocrx_word' id='word_1_51' title='bbox 1257 423 1370 454; x_wconf 87' lang='lat' dir='ltr'>merita</span> <span class='ocrx_word' id='word_1_52' title='bbox 1400 427 1627 464; x_wconf 82' lang='lat' dir='ltr'>cognoscerent,</span> <span class='ocrx_word' id='word_1_53' title='bbox 1656 434 1745 455; x_wconf 77' lang='lat' dir='ltr'>suam</span> 
     </span>
     <span class='ocr_line' id='line_1_6' title="bbox 238 477 1742 520; baseline 0.003 -12"><span class='ocrx_word' id='word_1_54' title='bbox 238 488 365 517; x_wconf 83' lang='lat' dir='ltr'>operam</span> <span class='ocrx_word' id='word_1_55' title='bbox 387 477 516 509; x_wconf 80' lang='lat' dir='ltr'>dedisse.</span> <span class='ocrx_word' id='word_1_56' title='bbox 535 478 741 518; x_wconf 87' lang='lat' dir='ltr'>Praecipuam</span> <span class='ocrx_word' id='word_1_57' title='bbox 761 478 856 510; x_wconf 88' lang='lat' dir='ltr'>fidem</span> <span class='ocrx_word' id='word_1_58' title='bbox 882 479 1017 511; x_wconf 78' lang='lat' dir='ltr'>maxime</span> <span class='ocrx_word' id='word_1_59' title='bbox 1029 480 1049 517; x_wconf 71' lang='lat'>⁴,</span> <span class='ocrx_word' id='word_1_60' title='bbox 1084 480 1210 520; x_wconf 86' lang='lat' dir='ltr'>qualem</span> <span class='ocrx_word' id='word_1_61' title='bbox 1230 490 1280 511; x_wconf 84' lang='lat' dir='ltr'>res</span> <span class='ocrx_word' id='word_1_62' title='bbox 1300 480 1432 511; x_wconf 79' lang='lat' dir='ltr'>bellicae</span> <span class='ocrx_word' id='word_1_63' title='bbox 1454 481 1583 520; x_wconf 82' lang='lat' dir='ltr'>exigunt</span> <span class='ocrx_word' id='word_1_64' title='bbox 1602 484 1742 513; x_wconf 89' lang='lat' dir='ltr'>constan-</span> 
     </span>
     <span class='ocr_line' id='line_1_7' title="bbox 237 535 1742 578; baseline 0.003 -13"><span class='ocrx_word' id='word_1_65' title='bbox 237 535 354 566; x_wconf 83' lang='lat' dir='ltr'>tissime</span> <span class='ocrx_word' id='word_1_66' title='bbox 374 535 541 575; x_wconf 86' lang='lat' dir='ltr'>praestitit.</span> <span class='ocrx_word' id='word_1_67' title='bbox 561 536 660 566; x_wconf 86' lang='lat' dir='ltr'>Taceo</span> <span class='ocrx_word' id='word_1_68' title='bbox 681 535 813 574; x_wconf 84' lang='lat' dir='ltr'>labores,</span> <span class='ocrx_word' id='word_1_69' title='bbox 834 536 970 575; x_wconf 90' lang='lat' dir='ltr'>sudores,</span> <span class='ocrx_word' id='word_1_70' title='bbox 993 537 1134 574; x_wconf 81' lang='lat' dir='ltr'>esuriem,</span> <span class='ocrx_word' id='word_1_71' title='bbox 1156 537 1305 577; x_wconf 84' lang='lat' dir='ltr'>pericula,</span> <span class='ocrx_word' id='word_1_72' title='bbox 1322 537 1462 575; x_wconf 84' lang='lat' dir='ltr'>vulnera,</span> <span class='ocrx_word' id='word_1_73' title='bbox 1483 538 1742 578; x_wconf 84' lang='lat' dir='ltr'>gravissimasque</span> 
     </span>
     <span class='ocr_line' id='line_1_8' title="bbox 237 592 1742 635; baseline 0.003 -13"><span class='ocrx_word' id='word_1_74' title='bbox 237 592 450 632; x_wconf 81' lang='lat' dir='ltr'>aegritudines</span> <span class='ocrx_word' id='word_1_75' title='bbox 470 593 518 623; x_wconf 80' lang='lat' dir='ltr'>his</span> <span class='ocrx_word' id='word_1_76' title='bbox 545 595 705 624; x_wconf 83' lang='lat' dir='ltr'>concretas</span> <span class='ocrx_word' id='word_1_77' title='bbox 716 593 735 624; x_wconf 85' lang='lat'>⁵.</span> <span class='ocrx_word' id='word_1_78' title='bbox 758 592 844 632; x_wconf 83' lang='lat' dir='ltr'>Quae</span> <span class='ocrx_word' id='word_1_79' title='bbox 865 594 925 625; x_wconf 90' lang='lat' dir='ltr'>etsi</span> <span class='ocrx_word' id='word_1_80' title='bbox 946 594 1079 634; x_wconf 82' lang='lat' dir='ltr'>quilibet</span> <span class='ocrx_word' id='word_1_81' title='bbox 1100 594 1286 626; x_wconf 79' lang='lat' dir='ltr'>militando⁵</span> <span class='ocrx_word' id='word_1_82' title='bbox 1312 594 1443 635; x_wconf 86' lang='lat' dir='ltr'>impigre</span> <span class='ocrx_word' id='word_1_83' title='bbox 1470 595 1599 635; x_wconf 83' lang='lat' dir='ltr'>adgredi</span> <span class='ocrx_word' id='word_1_84' title='bbox 1619 595 1742 634; x_wconf 88' lang='lat' dir='ltr'>debeat,</span> 
     </span>
     <span class='ocr_line' id='line_1_9' title="bbox 238 650 1743 693; baseline 0.003 -13"><span class='ocrx_word' id='word_1_85' title='bbox 238 659 273 680; x_wconf 90' lang='lat' dir='ltr'>eo</span> <span class='ocrx_word' id='word_1_86' title='bbox 286 651 392 680; x_wconf 88' lang='lat' dir='ltr'>tamen</span> <span class='ocrx_word' id='word_1_87' title='bbox 412 650 471 681; x_wconf 90' lang='lat' dir='ltr'>iste</span> <span class='ocrx_word' id='word_1_88' title='bbox 491 650 610 681; x_wconf 86' lang='lat' dir='ltr'>avidius</span> <span class='ocrx_word' id='word_1_89' title='bbox 631 651 774 690; x_wconf 80' lang='lat' dir='ltr'>suscepit,</span> <span class='ocrx_word' id='word_1_90' title='bbox 797 661 858 691; x_wconf 91' lang='lat' dir='ltr'>quo</span> <span class='ocrx_word' id='word_1_91' title='bbox 873 653 904 683; x_wconf 85' lang='lat' dir='ltr'>et</span> <span class='ocrx_word' id='word_1_92' title='bbox 917 651 1041 682; x_wconf 83' lang='lat' dir='ltr'>virtutis</span> <span class='ocrx_word' id='word_1_93' title='bbox 1062 651 1274 683; x_wconf 80' lang='lat' dir='ltr'>abundantior</span> <span class='ocrx_word' id='word_1_94' title='bbox 1292 654 1323 682; x_wconf 91' lang='lat' dir='ltr'>et</span> <span class='ocrx_word' id='word_1_95' title='bbox 1344 655 1419 683; x_wconf 85' lang='lat' dir='ltr'>tuae</span> <span class='ocrx_word' id='word_1_96' title='bbox 1439 652 1623 683; x_wconf 86' lang='lat' dir='ltr'>liberalitati</span> <span class='ocrx_word' id='word_1_97' title='bbox 1644 653 1743 693; x_wconf 86' lang='lat' dir='ltr'>magis</span> 
     </span>
     <span class='ocr_line' id='line_1_10' title="bbox 236 707 1743 749; baseline 0.001 -11"><span class='ocrx_word' id='word_1_98' title='bbox 236 707 389 738; x_wconf 75' lang='lat' dir='ltr'>obnoxius</span> <span class='ocrx_word' id='word_1_99' title='bbox 409 710 485 738; x_wconf 87' lang='lat' dir='ltr'>erat.</span> <span class='ocrx_word' id='word_1_100' title='bbox 509 707 608 739; x_wconf 86' lang='lat' dir='ltr'>Taceo</span> <span class='ocrx_word' id='word_1_101' title='bbox 628 707 779 747; x_wconf 87' lang='lat' dir='ltr'>plurimas</span> <span class='ocrx_word' id='word_1_102' title='bbox 800 709 954 746; x_wconf 78' lang='lat' dir='ltr'>victorias,</span> <span class='ocrx_word' id='word_1_103' title='bbox 976 719 1065 749; x_wconf 83' lang='lat' dir='ltr'>quas,</span> <span class='ocrx_word' id='word_1_104' title='bbox 1086 711 1153 739; x_wconf 90' lang='lat' dir='ltr'>tum</span> <span class='ocrx_word' id='word_1_105' title='bbox 1174 709 1285 740; x_wconf 87' lang='lat' dir='ltr'>robore</span> <span class='ocrx_word' id='word_1_106' title='bbox 1306 709 1441 748; x_wconf 88' lang='lat' dir='ltr'>corporis</span> <span class='ocrx_word' id='word_1_107' title='bbox 1459 711 1527 740; x_wconf 85' lang='lat' dir='ltr'>tum</span> <span class='ocrx_word' id='word_1_108' title='bbox 1548 709 1677 740; x_wconf 84' lang='lat' dir='ltr'>militari</span> <span class='ocrx_word' id='word_1_109' title='bbox 1697 710 1743 740; x_wconf 90' lang='lat' dir='ltr'>in-</span> 
     </span>
     <span class='ocr_line' id='line_1_11' title="bbox 234 763 1744 806; baseline 0.003 -12"><span class='ocrx_word' id='word_1_110' title='bbox 234 763 355 795; x_wconf 85' lang='lat' dir='ltr'>dustria</span> <span class='ocrx_word' id='word_1_111' title='bbox 376 764 579 804; x_wconf 82' lang='lat' dir='ltr'>potissimum,</span> <span class='ocrx_word' id='word_1_112' title='bbox 600 775 664 804; x_wconf 82' lang='lat' dir='ltr'>qua</span> <span class='ocrx_word' id='word_1_113' title='bbox 684 765 767 796; x_wconf 90' lang='lat' dir='ltr'>inter</span> <span class='ocrx_word' id='word_1_114' title='bbox 782 775 868 796; x_wconf 84' lang='lat' dir='ltr'>raros</span> <span class='ocrx_word' id='word_1_115' title='bbox 889 766 1174 805; x_wconf 85' lang='lat' dir='ltr'>praestantissimus</span> <span class='ocrx_word' id='word_1_116' title='bbox 1189 769 1243 803; x_wconf 88' lang='lat' dir='ltr'>est,</span> <span class='ocrx_word' id='word_1_117' title='bbox 1265 766 1323 797; x_wconf 89' lang='lat' dir='ltr'>tibi</span> <span class='ocrx_word' id='word_1_118' title='bbox 1344 766 1475 806; x_wconf 89' lang='lat' dir='ltr'>peperit.</span> <span class='ocrx_word' id='word_1_119' title='bbox 1496 766 1545 803; x_wconf 79' lang='lat' dir='ltr'>Et,</span> <span class='ocrx_word' id='word_1_120' title='bbox 1567 769 1604 797; x_wconf 92' lang='lat' dir='ltr'>ut</span> <span class='ocrx_word' id='word_1_121' title='bbox 1618 769 1744 798; x_wconf 86' lang='lat' dir='ltr'>caetera</span> 
     </span>
     <span class='ocr_line' id='line_1_12' title="bbox 235 822 1741 863; baseline 0.003 -12"><span class='ocrx_word' id='word_1_122' title='bbox 235 823 388 859; x_wconf 89' lang='lat' dir='ltr'>omittam,</span> <span class='ocrx_word' id='word_1_123' title='bbox 409 832 507 861; x_wconf 85' lang='lat' dir='ltr'>quum</span> <span class='ocrx_word' id='word_1_124' title='bbox 529 822 691 853; x_wconf 87' lang='lat' dir='ltr'>novissime</span> <span class='ocrx_word' id='word_1_125' title='bbox 712 822 854 853; x_wconf 81' lang='lat' dir='ltr'>fortunas</span> <span class='ocrx_word' id='word_1_126' title='bbox 875 826 955 860; x_wconf 85' lang='lat' dir='ltr'>tuas,</span> <span class='ocrx_word' id='word_1_127' title='bbox 977 823 1127 863; x_wconf 83' lang='lat' dir='ltr'>superiori</span> <span class='ocrx_word' id='word_1_128' title='bbox 1142 823 1242 855; x_wconf 85' lang='lat' dir='ltr'>altero</span> <span class='ocrx_word' id='word_1_129' title='bbox 1262 823 1440 863; x_wconf 82' lang='lat' dir='ltr'>gravissimo</span> <span class='ocrx_word' id='word_1_130' title='bbox 1453 823 1537 854; x_wconf 88' lang='lat' dir='ltr'>bello</span> <span class='ocrx_word' id='word_1_131' title='bbox 1557 824 1741 862; x_wconf 88' lang='lat' dir='ltr'>confractas,</span> 
     </span>
     <span class='ocr_line' id='line_1_13' title="bbox 233 879 1743 922; baseline 0.003 -14"><span class='ocrx_word' id='word_1_132' title='bbox 233 879 364 909; x_wconf 86' lang='lat' dir='ltr'>nimium</span> <span class='ocrx_word' id='word_1_133' title='bbox 378 879 480 918; x_wconf 86' lang='lat' dir='ltr'>impar</span> <span class='ocrx_word' id='word_1_134' title='bbox 495 879 591 909; x_wconf 84' lang='lat' dir='ltr'>hostis</span> <span class='ocrx_word' id='word_1_135' title='bbox 613 883 749 920; x_wconf 85' lang='lat' dir='ltr'>urgeret,</span> <span class='ocrx_word' id='word_1_136' title='bbox 763 891 931 920; x_wconf 88' lang='lat' dir='ltr'>omnesque</span> <span class='ocrx_word' id='word_1_137' title='bbox 947 891 1058 921; x_wconf 82' lang='lat' dir='ltr'>agrum</span> <span class='ocrx_word' id='word_1_138' title='bbox 1073 883 1164 912; x_wconf 89' lang='lat' dir='ltr'>tuum</span> <span class='ocrx_word' id='word_1_139' title='bbox 1178 881 1381 912; x_wconf 88' lang='lat' dir='ltr'>multitudine</span> <span class='ocrx_word' id='word_1_140' title='bbox 1402 881 1537 912; x_wconf 89' lang='lat' dir='ltr'>militum</span> <span class='ocrx_word' id='word_1_141' title='bbox 1551 884 1743 922; x_wconf 82' lang='lat' dir='ltr'>occupasset,</span> 
     </span>
     <span class='ocr_line' id='line_1_14' title="bbox 233 936 1743 979; baseline 0.003 -13"><span class='ocrx_word' id='word_1_142' title='bbox 233 936 260 966; x_wconf 87' lang='lat' dir='ltr'>is</span> <span class='ocrx_word' id='word_1_143' title='bbox 280 936 498 967; x_wconf 81' lang='lat' dir='ltr'>ardentissima</span> <span class='ocrx_word' id='word_1_144' title='bbox 518 936 580 967; x_wconf 88' lang='lat' dir='ltr'>fide</span> <span class='ocrx_word' id='word_1_145' title='bbox 600 937 764 976; x_wconf 87' lang='lat' dir='ltr'>consuluit,</span> <span class='ocrx_word' id='word_1_146' title='bbox 786 948 846 969; x_wconf 89' lang='lat' dir='ltr'>nou</span> <span class='ocrx_word' id='word_1_147' title='bbox 867 948 934 969; x_wconf 87' lang='lat' dir='ltr'>esse</span> <span class='ocrx_word' id='word_1_148' title='bbox 954 938 1170 976; x_wconf 88' lang='lat' dir='ltr'>secedendum,</span> <span class='ocrx_word' id='word_1_149' title='bbox 1197 937 1252 970; x_wconf 90' lang='lat' dir='ltr'>sed</span> <span class='ocrx_word' id='word_1_150' title='bbox 1280 939 1515 976; x_wconf 89' lang='lat' dir='ltr'>occurrendum,</span> <span class='ocrx_word' id='word_1_151' title='bbox 1544 939 1743 979; x_wconf 85' lang='lat' dir='ltr'>congredien-</span> 
     </span>
     <span class='ocr_line' id='line_1_15' title="bbox 233 993 1738 1036; baseline 0.002 -12"><span class='ocrx_word' id='word_1_152' title='bbox 233 994 370 1033; x_wconf 78' lang='lat' dir='ltr'>dumque</span> <span class='ocrx_word' id='word_1_153' title='bbox 392 993 482 1031; x_wconf 89' lang='lat' dir='ltr'>hosti,</span> <span class='ocrx_word' id='word_1_154' title='bbox 505 1004 542 1024; x_wconf 81' lang='lat' dir='ltr'>ex</span> <span class='ocrx_word' id='word_1_155' title='bbox 565 1005 626 1034; x_wconf 84' lang='lat' dir='ltr'>quo</span> <span class='ocrx_word' id='word_1_156' title='bbox 646 995 762 1026; x_wconf 77' lang='lat' dir='ltr'>occasio</span> <span class='ocrx_word' id='word_1_157' title='bbox 783 996 960 1036; x_wconf 82' lang='lat' dir='ltr'>stringeret,</span> <span class='ocrx_word' id='word_1_158' title='bbox 984 996 1177 1035; x_wconf 84' lang='lat' dir='ltr'>volebatque,</span> <span class='ocrx_word' id='word_1_159' title='bbox 1197 996 1231 1026; x_wconf 90' lang='lat' dir='ltr'>ni</span> <span class='ocrx_word' id='word_1_160' title='bbox 1251 996 1469 1036; x_wconf 84' lang='lat' dir='ltr'>prohibuisseS,</span> <span class='ocrx_word' id='word_1_161' title='bbox 1490 1007 1552 1027; x_wconf 87' lang='lat' dir='ltr'>non</span> <span class='ocrx_word' id='word_1_162' title='bbox 1567 996 1631 1028; x_wconf 91' lang='lat' dir='ltr'>sine</span> <span class='ocrx_word' id='word_1_163' title='bbox 1652 999 1738 1028; x_wconf 89' lang='lat' dir='ltr'>certo</span> 
     </span>
     <span class='ocr_line' id='line_1_16' title="bbox 231 1051 1743 1094; baseline 0.002 -12"><span class='ocrx_word' id='word_1_164' title='bbox 231 1052 342 1090; x_wconf 82' lang='lat' dir='ltr'>capitis</span> <span class='ocrx_word' id='word_1_165' title='bbox 363 1052 411 1081; x_wconf 92' lang='lat' dir='ltr'>sui</span> <span class='ocrx_word' id='word_1_166' title='bbox 437 1051 575 1091; x_wconf 86' lang='lat' dir='ltr'>periculo</span> <span class='ocrx_word' id='word_1_167' title='bbox 595 1062 626 1082; x_wconf 85' lang='lat' dir='ltr'>se</span> <span class='ocrx_word' id='word_1_168' title='bbox 647 1062 679 1082; x_wconf 88' lang='lat' dir='ltr'>se</span> <span class='ocrx_word' id='word_1_169' title='bbox 700 1052 845 1091; x_wconf 85' lang='lat' dir='ltr'>primum,</span> <span class='ocrx_word' id='word_1_170' title='bbox 874 1063 1000 1092; x_wconf 88' lang='lat' dir='ltr'>corpore</span> <span class='ocrx_word' id='word_1_171' title='bbox 1025 1063 1089 1091; x_wconf 88' lang='lat' dir='ltr'>suo,</span> <span class='ocrx_word' id='word_1_172' title='bbox 1120 1053 1259 1084; x_wconf 85' lang='lat' dir='ltr'>hostibus</span> <span class='ocrx_word' id='word_1_173' title='bbox 1288 1053 1422 1094; x_wconf 80' lang='lat' dir='ltr'>objicere</span> <span class='ocrx_word' id='word_1_174' title='bbox 1436 1054 1456 1085; x_wconf 91' lang='lat'>⁷.</span> <span class='ocrx_word' id='word_1_175' title='bbox 1484 1054 1541 1085; x_wconf 86' lang='lat' dir='ltr'>Cui</span> <span class='ocrx_word' id='word_1_176' title='bbox 1570 1054 1695 1085; x_wconf 90' lang='lat' dir='ltr'>consilio</span> <span class='ocrx_word' id='word_1_177' title='bbox 1716 1054 1743 1085; x_wconf 90' lang='lat' dir='ltr'>si</span> 
     </span>
     <span class='ocr_line' id='line_1_17' title="bbox 232 1109 1740 1150; baseline 0.001 -10"><span class='ocrx_word' id='word_1_178' title='bbox 232 1109 403 1145; x_wconf 78' lang='lat' dir='ltr'>annuisses,</span> <span class='ocrx_word' id='word_1_179' title='bbox 418 1118 479 1139; x_wconf 89' lang='lat' dir='ltr'>non</span> <span class='ocrx_word' id='word_1_180' title='bbox 495 1109 695 1148; x_wconf 83' lang='lat' dir='ltr'>quaesivisses</span> <span class='ocrx_word' id='word_1_181' title='bbox 706 1109 716 1125; x_wconf 71' lang='lat'><strong><em>⁸</em></strong></span> <span class='ocrx_word' id='word_1_182' title='bbox 737 1109 882 1148; x_wconf 77' lang='lat' dir='ltr'>fortassis,</span> <span class='ocrx_word' id='word_1_183' title='bbox 898 1110 1030 1150; x_wconf 82' lang='lat' dir='ltr'>integris</span> <span class='ocrx_word' id='word_1_184' title='bbox 1050 1110 1143 1141; x_wconf 86' lang='lat' dir='ltr'>rebus</span> <span class='ocrx_word' id='word_1_185' title='bbox 1158 1111 1229 1147; x_wconf 76' lang='lat' dir='ltr'>tuis,</span> <span class='ocrx_word' id='word_1_186' title='bbox 1251 1111 1354 1142; x_wconf 87' lang='lat' dir='ltr'>aliena</span> <span class='ocrx_word' id='word_1_187' title='bbox 1375 1111 1522 1148; x_wconf 85' lang='lat' dir='ltr'>subsidia,</span> <span class='ocrx_word' id='word_1_188' title='bbox 1542 1111 1597 1141; x_wconf 88' lang='lat' dir='ltr'>sed</span> <span class='ocrx_word' id='word_1_189' title='bbox 1612 1114 1740 1142; x_wconf 87' lang='lat' dir='ltr'>tuorum</span> 
     </span>
     <span class='ocr_line' id='line_1_18' title="bbox 234 1166 1741 1208; baseline 0.003 -13"><span class='ocrx_word' id='word_1_190' title='bbox 234 1169 326 1206; x_wconf 86' lang='lat' dir='ltr'>pater</span> <span class='ocrx_word' id='word_1_191' title='bbox 346 1169 378 1197; x_wconf 89' lang='lat' dir='ltr'>et</span> <span class='ocrx_word' id='word_1_192' title='bbox 399 1166 541 1197; x_wconf 85' lang='lat' dir='ltr'>dominus</span> <span class='ocrx_word' id='word_1_193' title='bbox 563 1176 660 1206; x_wconf 84' lang='lat' dir='ltr'>usque</span> <span class='ocrx_word' id='word_1_194' title='bbox 680 1166 713 1196; x_wconf 92' lang='lat' dir='ltr'>in</span> <span class='ocrx_word' id='word_1_195' title='bbox 734 1167 818 1198; x_wconf 82' lang='lat' dir='ltr'>hunc</span> <span class='ocrx_word' id='word_1_196' title='bbox 839 1166 921 1197; x_wconf 89' lang='lat' dir='ltr'>diem</span> <span class='ocrx_word' id='word_1_197' title='bbox 942 1167 1126 1198; x_wconf 84' lang='lat' dir='ltr'>continuata</span> <span class='ocrx_word' id='word_1_198' title='bbox 1145 1167 1273 1198; x_wconf 87' lang='lat' dir='ltr'>fortuna</span> <span class='ocrx_word' id='word_1_199' title='bbox 1294 1168 1458 1200; x_wconf 87' lang='lat' dir='ltr'>mansisses</span> <span class='ocrx_word' id='word_1_200' title='bbox 1469 1168 1489 1199; x_wconf 70' lang='lat'>⁹.</span> <span class='ocrx_word' id='word_1_201' title='bbox 1509 1169 1555 1199; x_wconf 93' lang='lat' dir='ltr'>Ac</span> <span class='ocrx_word' id='word_1_202' title='bbox 1574 1170 1741 1208; x_wconf 83' lang='lat' dir='ltr'>postremo,</span> 
     </span>
     <span class='ocr_line' id='line_1_19' title="bbox 231 1223 1741 1267; baseline 0.002 -13"><span class='ocrx_word' id='word_1_203' title='bbox 231 1235 329 1264; x_wconf 83' lang='lat' dir='ltr'>quum</span> <span class='ocrx_word' id='word_1_204' title='bbox 350 1223 419 1254; x_wconf 86' lang='lat' dir='ltr'>dira</span> <span class='ocrx_word' id='word_1_205' title='bbox 440 1224 613 1263; x_wconf 82' lang='lat' dir='ltr'>necessitas,</span> <span class='ocrx_word' id='word_1_206' title='bbox 637 1234 716 1263; x_wconf 80' lang='lat' dir='ltr'>quae</span> <span class='ocrx_word' id='word_1_207' title='bbox 737 1224 868 1255; x_wconf 88' lang='lat' dir='ltr'>nimium</span> <span class='ocrx_word' id='word_1_208' title='bbox 890 1224 1075 1264; x_wconf 86' lang='lat' dir='ltr'>plerumque</span> <span class='ocrx_word' id='word_1_209' title='bbox 1091 1225 1172 1265; x_wconf 86' lang='lat' dir='ltr'>juris</span> <span class='ocrx_word' id='word_1_210' title='bbox 1191 1225 1288 1256; x_wconf 88' lang='lat' dir='ltr'>habet</span> <span class='ocrx_word' id='word_1_211' title='bbox 1309 1225 1342 1255; x_wconf 92' lang='lat' dir='ltr'>in</span> <span class='ocrx_word' id='word_1_212' title='bbox 1363 1225 1525 1265; x_wconf 88' lang='lat' dir='ltr'>principes,</span> <span class='ocrx_word' id='word_1_213' title='bbox 1555 1228 1679 1267; x_wconf 86' lang='lat' dir='ltr'>cogeret</span> <span class='ocrx_word' id='word_1_214' title='bbox 1697 1228 1741 1264; x_wconf 88' lang='lat' dir='ltr'>te,</span> 
     </span>
     <span class='ocr_line' id='line_1_20' title="bbox 230 1281 1741 1323; baseline 0.002 -12"><span class='ocrx_word' id='word_1_215' title='bbox 230 1284 265 1312; x_wconf 90' lang='lat' dir='ltr'>ut</span> <span class='ocrx_word' id='word_1_216' title='bbox 288 1282 397 1312; x_wconf 88' lang='lat' dir='ltr'>urbem</span> <span class='ocrx_word' id='word_1_217' title='bbox 418 1284 550 1321; x_wconf 76' lang='lat' dir='ltr'>tuosque</span> <span class='ocrx_word' id='word_1_218' title='bbox 572 1281 775 1321; x_wconf 83' lang='lat' dir='ltr'>relinqueres,</span> <span class='ocrx_word' id='word_1_219' title='bbox 797 1282 862 1322; x_wconf 88' lang='lat' dir='ltr'>ipse</span> <span class='ocrx_word' id='word_1_220' title='bbox 883 1282 1007 1319; x_wconf 87' lang='lat' dir='ltr'>obtulit,</span> <span class='ocrx_word' id='word_1_221' title='bbox 1028 1292 1061 1313; x_wconf 88' lang='lat' dir='ltr'>se</span> <span class='ocrx_word' id='word_1_222' title='bbox 1074 1284 1179 1313; x_wconf 83' lang='lat' dir='ltr'>tecum</span> <span class='ocrx_word' id='word_1_223' title='bbox 1200 1293 1396 1323; x_wconf 88' lang='lat' dir='ltr'>quocumque</span> <span class='ocrx_word' id='word_1_224' title='bbox 1417 1283 1477 1314; x_wconf 89' lang='lat' dir='ltr'>ires</span> <span class='ocrx_word' id='word_1_225' title='bbox 1498 1286 1675 1321; x_wconf 81' lang='lat' dir='ltr'>venturum,</span> <span class='ocrx_word' id='word_1_226' title='bbox 1695 1283 1741 1314; x_wconf 91' lang='lat' dir='ltr'>in-</span> 
     </span>
     <span class='ocr_line' id='line_1_21' title="bbox 229 1339 1735 1381; baseline 0.002 -12"><span class='ocrx_word' id='word_1_227' title='bbox 229 1339 358 1379; x_wconf 78' lang='lat' dir='ltr'>dignum</span> <span class='ocrx_word' id='word_1_228' title='bbox 380 1339 562 1376; x_wconf 74' lang='lat' dir='ltr'>arbitratuS,</span> <span class='ocrx_word' id='word_1_229' title='bbox 582 1341 618 1369; x_wconf 90' lang='lat' dir='ltr'>ut</span> <span class='ocrx_word' id='word_1_230' title='bbox 634 1339 654 1355; x_wconf 72' lang='lat'>¹⁰</span> <span class='ocrx_word' id='word_1_231' title='bbox 675 1341 706 1369; x_wconf 92' lang='lat' dir='ltr'>te</span> <span class='ocrx_word' id='word_1_232' title='bbox 728 1339 861 1379; x_wconf 87' lang='lat' dir='ltr'>inopem,</span> <span class='ocrx_word' id='word_1_233' title='bbox 883 1342 1049 1377; x_wconf 75' lang='lat' dir='ltr'>extorrem,</span> <span class='ocrx_word' id='word_1_234' title='bbox 1070 1339 1235 1379; x_wconf 86' lang='lat' dir='ltr'>alienaque</span> <span class='ocrx_word' id='word_1_235' title='bbox 1256 1340 1409 1371; x_wconf 86' lang='lat' dir='ltr'>beneficia</span> <span class='ocrx_word' id='word_1_236' title='bbox 1430 1341 1659 1372; x_wconf 88' lang='lat' dir='ltr'>mendicantem</span> <span class='ocrx_word' id='word_1_237' title='bbox 1674 1341 1735 1381; x_wconf 79' lang='lat' dir='ltr'>agi,</span> 
     </span>
     <span class='ocr_line' id='line_1_22' title="bbox 228 1396 1739 1438; baseline 0.001 -10"><span class='ocrx_word' id='word_1_238' title='bbox 228 1407 323 1437; x_wconf 82' lang='lat' dir='ltr'>seque</span> <span class='ocrx_word' id='word_1_239' title='bbox 345 1400 451 1428; x_wconf 85' lang='lat' dir='ltr'>autem</span> <span class='ocrx_word' id='word_1_240' title='bbox 472 1397 591 1437; x_wconf 84' lang='lat' dir='ltr'>paratis</span> <span class='ocrx_word' id='word_1_241' title='bbox 612 1396 706 1427; x_wconf 84' lang='lat' dir='ltr'>rebus</span> <span class='ocrx_word' id='word_1_242' title='bbox 727 1397 789 1427; x_wconf 89' lang='lat' dir='ltr'>suis</span> <span class='ocrx_word' id='word_1_243' title='bbox 809 1397 993 1437; x_wconf 88' lang='lat' dir='ltr'>opulentum</span> <span class='ocrx_word' id='word_1_244' title='bbox 1010 1398 1029 1414; x_wconf 80' lang='lat'>¹¹</span> <span class='ocrx_word' id='word_1_245' title='bbox 1060 1397 1129 1429; x_wconf 87' lang='lat' dir='ltr'>frui.</span> <span class='ocrx_word' id='word_1_246' title='bbox 1153 1397 1298 1436; x_wconf 87' lang='lat' dir='ltr'>Vetuisti,</span> <span class='ocrx_word' id='word_1_247' title='bbox 1321 1401 1352 1430; x_wconf 91' lang='lat' dir='ltr'>et</span> <span class='ocrx_word' id='word_1_248' title='bbox 1373 1398 1527 1438; x_wconf 88' lang='lat' dir='ltr'>reliquisti</span> <span class='ocrx_word' id='word_1_249' title='bbox 1542 1399 1563 1415; x_wconf 67' lang='lat'>¹2</span> <span class='ocrx_word' id='word_1_250' title='bbox 1587 1409 1658 1430; x_wconf 91' lang='lat' dir='ltr'>eum</span> <span class='ocrx_word' id='word_1_251' title='bbox 1678 1399 1739 1430; x_wconf 82' lang='lat' dir='ltr'>sub</span> 
     </span>
     <span class='ocr_line' id='line_1_23' title="bbox 229 1454 1738 1497; baseline 0.002 -12"><span class='ocrx_word' id='word_1_252' title='bbox 229 1455 331 1486; x_wconf 88' lang='lat' dir='ltr'>alieno</span> <span class='ocrx_word' id='word_1_253' title='bbox 350 1456 430 1496; x_wconf 83' lang='lat' dir='ltr'>jure.</span> <span class='ocrx_word' id='word_1_254' title='bbox 453 1454 533 1493; x_wconf 68' lang='lat' dir='ltr'>Quid</span> <span class='ocrx_word' id='word_1_255' title='bbox 555 1465 626 1486; x_wconf 78' lang='lat' dir='ltr'>vero</span> <span class='ocrx_word' id='word_1_256' title='bbox 644 1454 729 1485; x_wconf 88' lang='lat' dir='ltr'>fideli</span> <span class='ocrx_word' id='word_1_257' title='bbox 751 1455 930 1486; x_wconf 86' lang='lat' dir='ltr'>faciendum</span> <span class='ocrx_word' id='word_1_258' title='bbox 950 1458 1026 1493; x_wconf 88' lang='lat' dir='ltr'>erat,</span> <span class='ocrx_word' id='word_1_259' title='bbox 1047 1455 1106 1486; x_wconf 88' lang='lat' dir='ltr'>nisi</span> <span class='ocrx_word' id='word_1_260' title='bbox 1126 1455 1230 1493; x_wconf 86' lang='lat' dir='ltr'>fidem,</span> <span class='ocrx_word' id='word_1_261' title='bbox 1252 1466 1347 1496; x_wconf 86' lang='lat' dir='ltr'>quam</span> <span class='ocrx_word' id='word_1_262' title='bbox 1362 1456 1437 1487; x_wconf 86' lang='lat' dir='ltr'>dare</span> <span class='ocrx_word' id='word_1_263' title='bbox 1458 1457 1639 1497; x_wconf 87' lang='lat' dir='ltr'>cogebatur,</span> <span class='ocrx_word' id='word_1_264' title='bbox 1659 1466 1738 1488; x_wconf 81' lang='lat' dir='ltr'>novo</span> 
     </span>
     <span class='ocr_line' id='line_1_24' title="bbox 228 1513 1740 1554; baseline 0 -9"><span class='ocrx_word' id='word_1_265' title='bbox 228 1515 352 1545; x_wconf 88' lang='lat' dir='ltr'>domino</span> <span class='ocrx_word' id='word_1_266' title='bbox 373 1515 516 1545; x_wconf 88' lang='lat' dir='ltr'>servare!</span> <span class='ocrx_word' id='word_1_267' title='bbox 540 1516 566 1544; x_wconf 88' lang='lat' dir='ltr'><strong>A</strong></span> <span class='ocrx_word' id='word_1_268' title='bbox 582 1525 653 1554; x_wconf 87' lang='lat' dir='ltr'>quo,</span> <span class='ocrx_word' id='word_1_269' title='bbox 675 1524 803 1545; x_wconf 89' lang='lat' dir='ltr'>munere</span> <span class='ocrx_word' id='word_1_270' title='bbox 824 1513 940 1544; x_wconf 87' lang='lat' dir='ltr'>natalis</span> <span class='ocrx_word' id='word_1_271' title='bbox 960 1513 1083 1553; x_wconf 85' lang='lat' dir='ltr'>patriae</span> <span class='ocrx_word' id='word_1_272' title='bbox 1104 1514 1249 1551; x_wconf 84' lang='lat' dir='ltr'>donatus,</span> <span class='ocrx_word' id='word_1_273' title='bbox 1270 1514 1440 1554; x_wconf 80' lang='lat' dir='ltr'>multisque</span> <span class='ocrx_word' id='word_1_274' title='bbox 1460 1514 1613 1545; x_wconf 88' lang='lat' dir='ltr'>honorum</span> <span class='ocrx_word' id='word_1_275' title='bbox 1634 1514 1740 1545; x_wconf 90' lang='lat' dir='ltr'>culmi-</span> 
     </span>
     <span class='ocr_line' id='line_1_25' title="bbox 228 1571 1741 1612; baseline 0.001 -10"><span class='ocrx_word' id='word_1_276' title='bbox 228 1572 320 1602; x_wconf 89' lang='lat' dir='ltr'>nibus</span> <span class='ocrx_word' id='word_1_277' title='bbox 341 1571 453 1609; x_wconf 86' lang='lat' dir='ltr'>elatus,</span> <span class='ocrx_word' id='word_1_278' title='bbox 485 1582 541 1611; x_wconf 87' lang='lat' dir='ltr'>per</span> <span class='ocrx_word' id='word_1_279' title='bbox 562 1582 678 1612; x_wconf 80' lang='lat' dir='ltr'>paucos</span> <span class='ocrx_word' id='word_1_280' title='bbox 700 1571 764 1602; x_wconf 88' lang='lat' dir='ltr'>dies</span> <span class='ocrx_word' id='word_1_281' title='bbox 795 1574 965 1611; x_wconf 86' lang='lat' dir='ltr'>antequam</span> <span class='ocrx_word' id='word_1_282' title='bbox 997 1571 1107 1602; x_wconf 89' lang='lat' dir='ltr'>urbem</span> <span class='ocrx_word' id='word_1_283' title='bbox 1129 1581 1339 1611; x_wconf 85' lang='lat' dir='ltr'>recuperares,</span> <span class='ocrx_word' id='word_1_284' title='bbox 1366 1572 1398 1602; x_wconf 91' lang='lat' dir='ltr'>in</span> <span class='ocrx_word' id='word_1_285' title='bbox 1419 1581 1475 1602; x_wconf 89' lang='lat' dir='ltr'>sua</span> <span class='ocrx_word' id='word_1_286' title='bbox 1495 1571 1622 1602; x_wconf 82' lang='lat' dir='ltr'>servitia</span> <span class='ocrx_word' id='word_1_287' title='bbox 1649 1571 1741 1603; x_wconf 85' lang='lat' dir='ltr'>advo-</span> 
     </span>
     <span class='ocr_line' id='line_1_26' title="bbox 229 1628 1738 1669; baseline 0.001 -10"><span class='ocrx_word' id='word_1_288' title='bbox 229 1632 317 1660; x_wconf 84' lang='lat' dir='ltr'>catus</span> <span class='ocrx_word' id='word_1_289' title='bbox 332 1632 386 1660; x_wconf 88' lang='lat' dir='ltr'>est.</span> <span class='ocrx_word' id='word_1_290' title='bbox 401 1629 638 1669; x_wconf 74' lang='lat' dir='ltr'>Jusjurandum,</span> <span class='ocrx_word' id='word_1_291' title='bbox 660 1629 951 1668; x_wconf 80' lang='lat' dir='ltr'>sanctissimumque</span> <span class='ocrx_word' id='word_1_292' title='bbox 969 1629 1021 1669; x_wconf 81' lang='lat' dir='ltr'>jus</span> <span class='ocrx_word' id='word_1_293' title='bbox 1042 1628 1172 1659; x_wconf 88' lang='lat' dir='ltr'>militiae</span> <span class='ocrx_word' id='word_1_294' title='bbox 1185 1629 1206 1645; x_wconf 72' lang='lat'>¹3</span> <span class='ocrx_word' id='word_1_295' title='bbox 1228 1628 1415 1660; x_wconf 86' lang='lat' dir='ltr'>servandum</span> <span class='ocrx_word' id='word_1_296' title='bbox 1432 1631 1478 1659; x_wconf 89' lang='lat' dir='ltr'>est</span> <span class='ocrx_word' id='word_1_297' title='bbox 1489 1628 1520 1666; x_wconf 76' lang='lat'>¹⁴¹,</span> <span class='ocrx_word' id='word_1_298' title='bbox 1541 1628 1693 1669; x_wconf 90' lang='lat' dir='ltr'>nullaque</span> <span class='ocrx_word' id='word_1_299' title='bbox 1707 1629 1738 1660; x_wconf 84' lang='lat' dir='ltr'>vi</span> 
     </span>
     <span class='ocr_line' id='line_1_27' title="bbox 229 1685 1733 1726; baseline 0 -9"><span class='ocrx_word' id='word_1_300' title='bbox 229 1689 260 1717; x_wconf 81' lang='lat' dir='ltr'>et</span> <span class='ocrx_word' id='word_1_301' title='bbox 281 1687 419 1717; x_wconf 76' lang='lat' dir='ltr'>amicitia</span> <span class='ocrx_word' id='word_1_302' title='bbox 439 1689 495 1717; x_wconf 86' lang='lat' dir='ltr'>aut</span> <span class='ocrx_word' id='word_1_303' title='bbox 516 1687 654 1726; x_wconf 81' lang='lat' dir='ltr'>praemio</span> <span class='ocrx_word' id='word_1_304' title='bbox 670 1687 690 1703; x_wconf 72' lang='lat'>¹5</span> <span class='ocrx_word' id='word_1_305' title='bbox 712 1685 1038 1726; x_wconf 75' lang='lat' dir='ltr'>praetermittendmn.</span> <span class='ocrx_word' id='word_1_306' title='bbox 1060 1685 1106 1716; x_wconf 84' lang='lat' dir='ltr'>Ne</span> <span class='ocrx_word' id='word_1_307' title='bbox 1127 1685 1255 1717; x_wconf 90' lang='lat' dir='ltr'>moleste</span> <span class='ocrx_word' id='word_1_308' title='bbox 1275 1686 1372 1726; x_wconf 78' lang='lat' dir='ltr'>igitur</span> <span class='ocrx_word' id='word_1_309' title='bbox 1394 1686 1484 1723; x_wconf 85' lang='lat' dir='ltr'>feras,</span> <span class='ocrx_word' id='word_1_310' title='bbox 1512 1688 1548 1716; x_wconf 84' lang='lat' dir='ltr'>ut</span> <span class='ocrx_word' id='word_1_311' title='bbox 1569 1686 1652 1726; x_wconf 89' lang='lat' dir='ltr'>quod</span> <span class='ocrx_word' id='word_1_312' title='bbox 1674 1686 1733 1718; x_wconf 87' lang='lat' dir='ltr'>tibi</span> 
     </span>
     <span class='ocr_line' id='line_1_28' title="bbox 226 1743 1735 1784; baseline 0.001 -10"><span class='ocrx_word' id='word_1_313' title='bbox 226 1747 335 1784; x_wconf 85' lang='lat' dir='ltr'>sponte</span> <span class='ocrx_word' id='word_1_314' title='bbox 351 1744 509 1783; x_wconf 80' lang='lat' dir='ltr'>praestitit</span> <span class='ocrx_word' id='word_1_315' title='bbox 525 1747 556 1774; x_wconf 90' lang='lat' dir='ltr'>et</span> <span class='ocrx_word' id='word_1_316' title='bbox 570 1744 705 1775; x_wconf 83' lang='lat' dir='ltr'>servavit</span> <span class='ocrx_word' id='word_1_317' title='bbox 720 1754 810 1781; x_wconf 83' lang='lat' dir='ltr'>nunc,</span> <span class='ocrx_word' id='word_1_318' title='bbox 832 1743 948 1775; x_wconf 82' lang='lat' dir='ltr'>invitus</span> <span class='ocrx_word' id='word_1_319' title='bbox 962 1743 994 1774; x_wconf 89' lang='lat' dir='ltr'>in</span> <span class='ocrx_word' id='word_1_320' title='bbox 1008 1743 1113 1774; x_wconf 85' lang='lat' dir='ltr'>aliena</span> <span class='ocrx_word' id='word_1_321' title='bbox 1130 1744 1204 1784; x_wconf 82' lang='lat' dir='ltr'>jura</span> <span class='ocrx_word' id='word_1_322' title='bbox 1217 1743 1373 1780; x_wconf 86' lang='lat' dir='ltr'>redactus,</span> <span class='ocrx_word' id='word_1_323' title='bbox 1395 1746 1574 1774; x_wconf 80' lang='lat' dir='ltr'>constanter</span> <span class='ocrx_word' id='word_1_324' title='bbox 1588 1746 1735 1783; x_wconf 89' lang='lat' dir='ltr'>praestet.</span> 
     </span>
     <span class='ocr_line' id='line_1_29' title="bbox 228 1800 1732 1841; baseline -0.001 -9"><span class='ocrx_word' id='word_1_325' title='bbox 228 1802 315 1840; x_wconf 75' lang='lat' dir='ltr'>Quod</span> <span class='ocrx_word' id='word_1_326' title='bbox 337 1802 363 1832; x_wconf 79' lang='lat' dir='ltr'>si</span> <span class='ocrx_word' id='word_1_327' title='bbox 384 1812 476 1838; x_wconf 89' lang='lat' dir='ltr'>nuuc,</span> <span class='ocrx_word' id='word_1_328' title='bbox 497 1801 606 1832; x_wconf 75' lang='lat' dir='ltr'>relicto</span> <span class='ocrx_word' id='word_1_329' title='bbox 628 1812 673 1839; x_wconf 79' lang='lat' dir='ltr'>eo,</span> <span class='ocrx_word' id='word_1_330' title='bbox 696 1802 745 1832; x_wconf 79' lang='lat' dir='ltr'>cui</span> <span class='ocrx_word' id='word_1_331' title='bbox 767 1800 859 1831; x_wconf 77' lang='lat' dir='ltr'>fidem</span> <span class='ocrx_word' id='word_1_332' title='bbox 881 1811 969 1832; x_wconf 86' lang='lat' dir='ltr'>suam</span> <span class='ocrx_word' id='word_1_333' title='bbox 990 1800 1140 1841; x_wconf 78' lang='lat' dir='ltr'>alligavit,</span> <span class='ocrx_word' id='word_1_334' title='bbox 1170 1801 1210 1831; x_wconf 90' lang='lat' dir='ltr'>ad</span> <span class='ocrx_word' id='word_1_335' title='bbox 1230 1803 1262 1831; x_wconf 90' lang='lat' dir='ltr'>te</span> <span class='ocrx_word' id='word_1_336' title='bbox 1283 1801 1503 1841; x_wconf 81' lang='lat' dir='ltr'>transfugeret,</span> <span class='ocrx_word' id='word_1_337' title='bbox 1530 1803 1566 1831; x_wconf 91' lang='lat' dir='ltr'>ut</span> <span class='ocrx_word' id='word_1_338' title='bbox 1587 1801 1732 1839; x_wconf 87' lang='lat' dir='ltr'>hortaris,</span> 
     </span>
     <span class='ocr_line' id='line_1_30' title="bbox 226 1857 1734 1899; baseline -0.001 -9"><span class='ocrx_word' id='word_1_339' title='bbox 226 1870 288 1899; x_wconf 86' lang='lat' dir='ltr'>quo</span> <span class='ocrx_word' id='word_1_340' title='bbox 309 1869 411 1898; x_wconf 81' lang='lat' dir='ltr'>posses</span> <span class='ocrx_word' id='word_1_341' title='bbox 436 1859 527 1890; x_wconf 83' lang='lat' dir='ltr'>modo</span> <span class='ocrx_word' id='word_1_342' title='bbox 548 1859 594 1889; x_wconf 88' lang='lat' dir='ltr'>illi</span> <span class='ocrx_word' id='word_1_343' title='bbox 611 1859 632 1875; x_wconf 61' lang='lat' dir='ltr'>¹ss</span> <span class='ocrx_word' id='word_1_344' title='bbox 660 1859 796 1896; x_wconf 72' lang='lat' dir='ltr'>credere,</span> <span class='ocrx_word' id='word_1_345' title='bbox 826 1869 922 1898; x_wconf 70' lang='lat' dir='ltr'>quam</span> <span class='ocrx_word' id='word_1_346' title='bbox 943 1858 981 1889; x_wconf 92' lang='lat' dir='ltr'>de</span> <span class='ocrx_word' id='word_1_347' title='bbox 1003 1868 1038 1889; x_wconf 87' lang='lat' dir='ltr'>eo</span> <span class='ocrx_word' id='word_1_348' title='bbox 1060 1858 1321 1889; x_wconf 76' lang='lat' dir='ltr'>existimationem</span> <span class='ocrx_word' id='word_1_349' title='bbox 1343 1858 1467 1889; x_wconf 65' lang='lat' dir='ltr'>facore?</span> <span class='ocrx_word' id='word_1_350' title='bbox 1489 1858 1575 1889; x_wconf 84' lang='lat' dir='ltr'>Haec</span> <span class='ocrx_word' id='word_1_351' title='bbox 1595 1857 1734 1898; x_wconf 86' lang='lat' dir='ltr'>quotidie</span> 
     </span>
     <span class='ocr_line' id='line_1_31' title="bbox 225 1915 1735 1956; baseline -0.001 -9"><span class='ocrx_word' id='word_1_352' title='bbox 225 1919 329 1947; x_wconf 84' lang='lat' dir='ltr'>tecum</span> <span class='ocrx_word' id='word_1_353' title='bbox 341 1917 361 1933; x_wconf 63' lang='grc' dir='ltr'>Π</span> <span class='ocrx_word' id='word_1_354' title='bbox 383 1916 598 1947; x_wconf 78' lang='lat' dir='ltr'>meditareris:</span> <span class='ocrx_word' id='word_1_355' title='bbox 621 1916 747 1947; x_wconf 82' lang='lat' dir='ltr'>Hostem</span> <span class='ocrx_word' id='word_1_356' title='bbox 764 1927 867 1947; x_wconf 79' lang='lat' dir='ltr'>meum</span> <span class='ocrx_word' id='word_1_357' title='bbox 890 1916 999 1956; x_wconf 83' lang='lat' dir='ltr'>majori</span> <span class='ocrx_word' id='word_1_358' title='bbox 1014 1926 1141 1946; x_wconf 86' lang='lat' dir='ltr'>munere</span> <span class='ocrx_word' id='word_1_359' title='bbox 1166 1915 1296 1952; x_wconf 72' lang='lat' dir='ltr'>fefellit3</span> <span class='ocrx_word' id='word_1_360' title='bbox 1317 1915 1392 1955; x_wconf 87' lang='lat' dir='ltr'>quid</span> <span class='ocrx_word' id='word_1_361' title='bbox 1408 1916 1506 1952; x_wconf 86' lang='lat' dir='ltr'>abest,</span> <span class='ocrx_word' id='word_1_362' title='bbox 1521 1926 1560 1947; x_wconf 90' lang='lat' dir='ltr'>ne</span> <span class='ocrx_word' id='word_1_363' title='bbox 1575 1926 1623 1946; x_wconf 89' lang='lat' dir='ltr'>me</span> <span class='ocrx_word' id='word_1_364' title='bbox 1639 1915 1735 1947; x_wconf 87' lang='lat' dir='ltr'>etiam</span> 
     </span>
     <span class='ocr_line' id='line_1_32' title="bbox 224 1973 1733 2014; baseline -0.001 -9"><span class='ocrx_word' id='word_1_365' title='bbox 224 1974 383 2014; x_wconf 83' lang='lat' dir='ltr'>amplioris</span> <span class='ocrx_word' id='word_1_366' title='bbox 403 1974 534 2014; x_wconf 84' lang='lat' dir='ltr'>praemii</span> <span class='ocrx_word' id='word_1_367' title='bbox 555 1984 609 2014; x_wconf 89' lang='lat' dir='ltr'>spe</span> <span class='ocrx_word' id='word_1_368' title='bbox 631 1973 744 2004; x_wconf 71' lang='lat' dir='ltr'>fallat?</span> <span class='ocrx_word' id='word_1_369' title='bbox 766 1974 823 2011; x_wconf 68' lang='lat' dir='ltr'>Qui</span> <span class='ocrx_word' id='word_1_370' title='bbox 845 1974 916 2010; x_wconf 71' lang='lat' dir='ltr'>scio,</span> <span class='ocrx_word' id='word_1_371' title='bbox 938 1984 978 2004; x_wconf 90' lang='lat' dir='ltr'>an</span> <span class='ocrx_word' id='word_1_372' title='bbox 1002 1974 1144 2004; x_wconf 81' lang='lat' dir='ltr'>fraudem</span> <span class='ocrx_word' id='word_1_373' title='bbox 1166 1984 1237 2004; x_wconf 87' lang='lat' dir='ltr'>cum</span> <span class='ocrx_word' id='word_1_374' title='bbox 1258 1973 1345 2004; x_wconf 88' lang='lat' dir='ltr'>hoste</span> <span class='ocrx_word' id='word_1_375' title='bbox 1365 1983 1557 2004; x_wconf 85' lang='lat' dir='ltr'>commensus</span> <span class='ocrx_word' id='word_1_376' title='bbox 1570 1974 1599 2012; x_wconf 67' lang='lat'>¹⁸,</span> <span class='ocrx_word' id='word_1_377' title='bbox 1621 1973 1661 2004; x_wconf 88' lang='lat' dir='ltr'>ad</span> <span class='ocrx_word' id='word_1_378' title='bbox 1684 1983 1733 2004; x_wconf 86' lang='lat' dir='ltr'>me</span> 
     </span>
     <span class='ocr_line' id='line_1_33' title="bbox 224 2031 1733 2072; baseline -0.001 -9"><span class='ocrx_word' id='word_1_379' title='bbox 224 2032 451 2072; x_wconf 67' lang='lat' dir='ltr'>transfugerit?</span> <span class='ocrx_word' id='word_1_380' title='bbox 478 2032 533 2061; x_wconf 86' lang='lat' dir='ltr'>His</span> <span class='ocrx_word' id='word_1_381' title='bbox 563 2034 659 2071; x_wconf 75' lang='lat' dir='ltr'>atque</span> <span class='ocrx_word' id='word_1_382' title='bbox 684 2031 859 2071; x_wconf 54' lang='lat' dir='ltr'>hujuffloli</span> <span class='ocrx_word' id='word_1_383' title='bbox 890 2031 1102 2062; x_wconf 70' lang='lat' dir='ltr'>anxietatibus</span> <span class='ocrx_word' id='word_1_384' title='bbox 1131 2031 1308 2071; x_wconf 82' lang='lat' dir='ltr'>perplexus,</span> <span class='ocrx_word' id='word_1_385' title='bbox 1334 2041 1415 2067; x_wconf 87' lang='lat' dir='ltr'>eum,</span> <span class='ocrx_word' id='word_1_386' title='bbox 1444 2042 1537 2071; x_wconf 89' lang='lat' dir='ltr'>quem</span> <span class='ocrx_word' id='word_1_387' title='bbox 1566 2033 1733 2070; x_wconf 86' lang='lat' dir='ltr'>tantopere</span> 
     </span>
     <span class='ocr_line' id='line_1_34' title="bbox 224 2088 1734 2129; baseline 0.001 -9"><span class='ocrx_word' id='word_1_388' title='bbox 224 2092 361 2129; x_wconf 81' lang='lat' dir='ltr'>exoptas,</span> <span class='ocrx_word' id='word_1_389' title='bbox 373 2090 442 2129; x_wconf 82' lang='lat' dir='ltr'>pari</span> <span class='ocrx_word' id='word_1_390' title='bbox 456 2089 627 2129; x_wconf 84' lang='lat' dir='ltr'>suspitione</span> <span class='ocrx_word' id='word_1_391' title='bbox 642 2089 825 2119; x_wconf 45' lang='lat' dir='ltr'>damnatum</span> <span class='ocrx_word' id='word_1_392' title='bbox 838 2088 1017 2128; x_wconf 71' lang='lat' dir='ltr'>despiceres.</span> <span class='ocrx_word' id='word_1_393' title='bbox 1035 2088 1128 2119; x_wconf 83' lang='lat' dir='ltr'>Malis</span> <span class='ocrx_word' id='word_1_394' title='bbox 1143 2089 1250 2128; x_wconf 88' lang='lat' dir='ltr'>itaque</span> <span class='ocrx_word' id='word_1_395' title='bbox 1261 2089 1361 2119; x_wconf 88' lang='lat' dir='ltr'>virum</span> <span class='ocrx_word' id='word_1_396' title='bbox 1376 2089 1489 2120; x_wconf 87' lang='lat' dir='ltr'>fortem</span> <span class='ocrx_word' id='word_1_397' title='bbox 1503 2089 1599 2121; x_wconf 86' lang='lat' dir='ltr'>etiam</span> <span class='ocrx_word' id='word_1_398' title='bbox 1614 2090 1734 2122; x_wconf 88' lang='lat' dir='ltr'>hostem</span> 
     </span>
     <span class='ocr_line' id='line_1_35' title="bbox 223 2146 1733 2188; baseline 0.001 -10"><span class='ocrx_word' id='word_1_399' title='bbox 223 2147 332 2187; x_wconf 86' lang='lat' dir='ltr'>procul</span> <span class='ocrx_word' id='word_1_400' title='bbox 353 2158 449 2187; x_wconf 79' lang='lat' dir='ltr'>quam</span> <span class='ocrx_word' id='word_1_401' title='bbox 464 2147 622 2178; x_wconf 85' lang='lat' dir='ltr'>infidelem</span> <span class='ocrx_word' id='word_1_402' title='bbox 645 2158 747 2187; x_wconf 80' lang='lat' dir='ltr'>prope.</span> <span class='ocrx_word' id='word_1_403' title='bbox 771 2147 874 2186; x_wconf 60' lang='lat' dir='ltr'>Eopm</span> <span class='ocrx_word' id='word_1_404' title='bbox 890 2146 949 2177; x_wconf 86' lang='lat' dir='ltr'>tibi</span> <span class='ocrx_word' id='word_1_405' title='bbox 970 2147 1104 2177; x_wconf 74' lang='lat' dir='ltr'>maxime</span> <span class='ocrx_word' id='word_1_406' title='bbox 1125 2149 1232 2187; x_wconf 82' lang='lat' dir='ltr'>gratus</span> <span class='ocrx_word' id='word_1_407' title='bbox 1254 2147 1328 2187; x_wconf 89' lang='lat' dir='ltr'>quia</span> <span class='ocrx_word' id='word_1_408' title='bbox 1349 2146 1449 2178; x_wconf 88' lang='lat' dir='ltr'>fidelis</span> <span class='ocrx_word' id='word_1_409' title='bbox 1464 2150 1518 2178; x_wconf 88' lang='lat' dir='ltr'>est.</span> <span class='ocrx_word' id='word_1_410' title='bbox 1540 2148 1584 2178; x_wconf 93' lang='lat' dir='ltr'>At</span> <span class='ocrx_word' id='word_1_411' title='bbox 1596 2148 1733 2188; x_wconf 84' lang='lat' dir='ltr'>inquent</span> 
     </span>
    </p>
   </div>
   <div class='ocr_carea' id='block_1_3' title="bbox 227 2301 1732 2650">
    <p class='ocr_par' dir='ltr' id='par_1_3' title="bbox 231 2301 1377 2338">
     <span class='ocr_line' id='line_1_36' title="bbox 231 2301 1377 2338; baseline -0.002 -8"><span class='ocrx_word' id='word_1_412' title='bbox 231 2304 238 2321; x_wconf 85' lang='lat'>¹</span> <span class='ocrx_word' id='word_1_413' title='bbox 260 2303 335 2331; x_wconf 80' lang='lat' dir='ltr'>Ram.</span> <span class='ocrx_word' id='word_1_414' title='bbox 356 2303 475 2338; x_wconf 73' lang='lat' dir='ltr'>itemque</span> <span class='ocrx_word' id='word_1_415' title='bbox 488 2304 573 2337; x_wconf 68' lang='lat' dir='ltr'>patre</span> <span class='ocrx_word' id='word_1_416' title='bbox 592 2304 640 2330; x_wconf 71' lang='lat' dir='ltr'>{uo</span> <span class='ocrx_word' id='word_1_417' title='bbox 994 2303 1017 2320; x_wconf 78' lang='lat'>¹⁰</span> <span class='ocrx_word' id='word_1_418' title='bbox 1041 2301 1078 2329; x_wconf 73' lang='lat' dir='ltr'>Ut</span> <span class='ocrx_word' id='word_1_419' title='bbox 1095 2310 1155 2329; x_wconf 85' lang='lat' dir='ltr'>avv.</span> <span class='ocrx_word' id='word_1_420' title='bbox 1175 2301 1202 2329; x_wconf 86' lang='lat' dir='ltr'>di</span> <span class='ocrx_word' id='word_1_421' title='bbox 1221 2303 1311 2335; x_wconf 79' lang='lat' dir='ltr'>tempo</span> <span class='ocrx_word' id='word_1_422' title='bbox 1331 2301 1377 2336; x_wconf 86' lang='lat' dir='ltr'>qui</span> 
     </span>
    </p>

    <p class='ocr_par' dir='ltr' id='par_1_4' title="bbox 229 2345 1732 2428">
     <span class='ocr_line' id='line_1_37' title="bbox 231 2345 1732 2382; baseline 0 -8"><span class='ocrx_word' id='word_1_423' title='bbox 231 2348 242 2366; x_wconf 61' lang='grc' dir='ltr'>’Ξ</span> <span class='ocrx_word' id='word_1_424' title='bbox 261 2347 337 2375; x_wconf 81' lang='lat' dir='ltr'>Ram.</span> <span class='ocrx_word' id='word_1_425' title='bbox 356 2348 442 2376; x_wconf 75' lang='lat' dir='ltr'>etium</span> <span class='ocrx_word' id='word_1_426' title='bbox 461 2356 508 2382; x_wconf 81' lang='lat' dir='ltr'>per</span> <span class='ocrx_word' id='word_1_427' title='bbox 526 2349 623 2375; x_wconf 73' lang='lat' dir='ltr'>autem</span> <span class='ocrx_word' id='word_1_428' title='bbox 995 2348 1012 2364; x_wconf 72' lang='lat'>¹⁴</span> <span class='ocrx_word' id='word_1_429' title='bbox 1035 2347 1095 2374; x_wconf 72' lang='lat' dir='ltr'>Cos}</span> <span class='ocrx_word' id='word_1_430' title='bbox 1110 2346 1184 2374; x_wconf 84' lang='lat' dir='ltr'>Ram.</span> <span class='ocrx_word' id='word_1_431' title='bbox 1197 2360 1202 2381; x_wconf 65' lang='grc' dir='ltr'>ς</span> <span class='ocrx_word' id='word_1_432' title='bbox 1216 2345 1255 2380; x_wconf 80' lang='lat' dir='ltr'>gli</span> <span class='ocrx_word' id='word_1_433' title='bbox 1269 2346 1334 2373; x_wconf 86' lang='lat' dir='ltr'>altri</span> <span class='ocrx_word' id='word_1_434' title='bbox 1342 2346 1455 2381; x_wconf 71' lang='lat' dir='ltr'>pacatis</span> <span class='ocrx_word' id='word_1_435' title='bbox 1469 2346 1553 2374; x_wconf 78' lang='lat' dir='ltr'>rebus</span> <span class='ocrx_word' id='word_1_436' title='bbox 1565 2346 1732 2381; x_wconf 69' lang='lat' dir='ltr'>opulentum</span> 
     </span>
     <span class='ocr_line' id='line_1_38' title="bbox 229 2390 1484 2428; baseline -0.002 -9"><span class='ocrx_word' id='word_1_437' title='bbox 229 2393 240 2411; x_wconf 79' lang='lat'>³</span> <span class='ocrx_word' id='word_1_438' title='bbox 260 2393 319 2421; x_wconf 88' lang='lat' dir='ltr'>PM.</span> <span class='ocrx_word' id='word_1_439' title='bbox 336 2393 552 2428; x_wconf 69' lang='lat' dir='ltr'>unuscujusque</span> <span class='ocrx_word' id='word_1_440' title='bbox 994 2392 1016 2408; x_wconf 65' lang='lat'>¹²</span> <span class='ocrx_word' id='word_1_441' title='bbox 1035 2390 1112 2419; x_wconf 82' lang='lat' dir='ltr'>Ram.</span> <span class='ocrx_word' id='word_1_442' title='bbox 1131 2392 1157 2418; x_wconf 65' lang='lat' dir='ltr'>et</span> <span class='ocrx_word' id='word_1_443' title='bbox 1175 2399 1238 2417; x_wconf 79' lang='lat' dir='ltr'>eum</span> <span class='ocrx_word' id='word_1_444' title='bbox 1253 2413 1258 2418; x_wconf 91' lang='lat'><em>.</em></span> <span class='ocrx_word' id='word_1_445' title='bbox 1273 2413 1278 2418; x_wconf 94' lang='lat'>.</span> <span class='ocrx_word' id='word_1_446' title='bbox 1295 2414 1299 2418; x_wconf 75' lang='grc'>,</span> <span class='ocrx_word' id='word_1_447' title='bbox 1315 2414 1320 2419; x_wconf 94' lang='grc'>.</span> <span class='ocrx_word' id='word_1_448' title='bbox 1340 2390 1484 2425; x_wconf 68' lang='lat' dir='ltr'>reliquisti</span> 
     </span>
    </p>

    <p class='ocr_par' dir='ltr' id='par_1_5' title="bbox 231 2434 1522 2472">
     <span class='ocr_line' id='line_1_39' title="bbox 231 2434 1522 2472; baseline -0.002 -7"><span class='ocrx_word' id='word_1_449' title='bbox 231 2437 241 2455; x_wconf 74' lang='lat'>⁴</span> <span class='ocrx_word' id='word_1_450' title='bbox 261 2437 320 2465; x_wconf 89' lang='lat' dir='ltr'>PM.</span> <span class='ocrx_word' id='word_1_451' title='bbox 342 2437 436 2472; x_wconf 72' lang='lat' dir='ltr'>fidem,</span> <span class='ocrx_word' id='word_1_452' title='bbox 454 2436 578 2464; x_wconf 62' lang='lat' dir='ltr'>manime</span> <span class='ocrx_word' id='word_1_453' title='bbox 996 2436 1017 2453; x_wconf 76' lang='lat'>¹3</span> <span class='ocrx_word' id='word_1_454' title='bbox 1036 2435 1113 2462; x_wconf 86' lang='lat' dir='ltr'>Ram.</span> <span class='ocrx_word' id='word_1_455' title='bbox 1132 2436 1318 2469; x_wconf 69' lang='lat' dir='ltr'>sanctumque</span> <span class='ocrx_word' id='word_1_456' title='bbox 1330 2434 1382 2469; x_wconf 75' lang='lat' dir='ltr'>jus</span> <span class='ocrx_word' id='word_1_457' title='bbox 1401 2434 1522 2463; x_wconf 67' lang='lat' dir='ltr'>militiae</span> 
     </span>
    </p>

    <p class='ocr_par' dir='ltr' id='par_1_6' title="bbox 229 2478 1435 2516">
     <span class='ocr_line' id='line_1_40' title="bbox 229 2478 1435 2516; baseline -0.003 -7"><span class='ocrx_word' id='word_1_458' title='bbox 229 2482 239 2501; x_wconf 73' lang='lat' dir='ltr'>f·</span> <span class='ocrx_word' id='word_1_459' title='bbox 264 2482 435 2509; x_wconf 76' lang='lat' dir='ltr'>Coucrelum</span> <span class='ocrx_word' id='word_1_460' title='bbox 454 2489 502 2516; x_wconf 71' lang='lat' dir='ltr'>pei·</span> <span class='ocrx_word' id='word_1_461' title='bbox 521 2481 652 2516; x_wconf 79' lang='lat' dir='ltr'>generato</span> <span class='ocrx_word' id='word_1_462' title='bbox 995 2479 1017 2498; x_wconf 57' lang='grc' dir='ltr'><em>Ἀ</em></span> <span class='ocrx_word' id='word_1_463' title='bbox 1036 2479 1113 2507; x_wconf 85' lang='lat' dir='ltr'>Ram.</span> <span class='ocrx_word' id='word_1_464' title='bbox 1127 2478 1375 2512; x_wconf 64' lang='lat' dir='ltr'>praeservandam</span> <span class='ocrx_word' id='word_1_465' title='bbox 1394 2480 1435 2506; x_wconf 68' lang='lat' dir='ltr'>est</span> 
     </span>
    </p>

    <p class='ocr_par' dir='ltr' id='par_1_7' title="bbox 227 2522 1519 2561">
     <span class='ocr_line' id='line_1_41' title="bbox 227 2522 1519 2561; baseline -0.002 -7"><span class='ocrx_word' id='word_1_466' title='bbox 227 2527 239 2544; x_wconf 83' lang='lat'>⁶</span> <span class='ocrx_word' id='word_1_467' title='bbox 258 2526 320 2554; x_wconf 83' lang='lat' dir='ltr'>Cosi</span> <span class='ocrx_word' id='word_1_468' title='bbox 339 2526 435 2561; x_wconf 67' lang='lat' dir='ltr'>Ram,</span> <span class='ocrx_word' id='word_1_469' title='bbox 453 2525 493 2561; x_wconf 86' lang='lat' dir='ltr'>gli</span> <span class='ocrx_word' id='word_1_470' title='bbox 513 2525 577 2553; x_wconf 82' lang='lat' dir='ltr'>altri</span> <span class='ocrx_word' id='word_1_471' title='bbox 596 2525 726 2553; x_wconf 75' lang='lat' dir='ltr'>militaus</span> <span class='ocrx_word' id='word_1_472' title='bbox 996 2524 1017 2543; x_wconf 75' lang='lat'>¹5</span> <span class='ocrx_word' id='word_1_473' title='bbox 1038 2524 1114 2552; x_wconf 78' lang='lat' dir='ltr'>Ram.</span> <span class='ocrx_word' id='word_1_474' title='bbox 1134 2524 1185 2550; x_wconf 71' lang='lat' dir='ltr'>aut</span> <span class='ocrx_word' id='word_1_475' title='bbox 1203 2522 1331 2550; x_wconf 71' lang='lat' dir='ltr'>amicitia</span> <span class='ocrx_word' id='word_1_476' title='bbox 1348 2524 1376 2550; x_wconf 70' lang='lat' dir='ltr'>et</span> <span class='ocrx_word' id='word_1_477' title='bbox 1386 2522 1519 2557; x_wconf 73' lang='lat' dir='ltr'>praemio</span> 
     </span>
    </p>

    <p class='ocr_par' dir='ltr' id='par_1_8' title="bbox 228 2567 1185 2604">
     <span class='ocr_line' id='line_1_42' title="bbox 228 2567 1185 2604; baseline -0.005 -6"><span class='ocrx_word' id='word_1_478' title='bbox 228 2571 238 2590; x_wconf 90' lang='lat'>⁷</span> <span class='ocrx_word' id='word_1_479' title='bbox 258 2571 334 2598; x_wconf 81' lang='lat' dir='ltr'>Ram.</span> <span class='ocrx_word' id='word_1_480' title='bbox 353 2570 481 2598; x_wconf 70' lang='lat' dir='ltr'>hostibus</span> <span class='ocrx_word' id='word_1_481' title='bbox 499 2578 550 2598; x_wconf 79' lang='lat' dir='ltr'>suo</span> <span class='ocrx_word' id='word_1_482' title='bbox 569 2577 684 2604; x_wconf 70' lang='lat' dir='ltr'>corpore</span> <span class='ocrx_word' id='word_1_483' title='bbox 994 2568 1016 2586; x_wconf 50' lang='grc' dir='ltr'>’ἦ</span> <span class='ocrx_word' id='word_1_484' title='bbox 1035 2567 1112 2595; x_wconf 85' lang='lat' dir='ltr'>Ram.</span> <span class='ocrx_word' id='word_1_485' title='bbox 1134 2567 1185 2594; x_wconf 72' lang='lat' dir='ltr'>tibi</span> 
     </span>
    </p>

    <p class='ocr_par' dir='ltr' id='par_1_9' title="bbox 231 2612 1239 2650">
     <span class='ocr_line' id='line_1_43' title="bbox 231 2612 1239 2650; baseline -0.004 -8"><span class='ocrx_word' id='word_1_486' title='bbox 231 2615 241 2633; x_wconf 80' lang='lat'>⁸</span> <span class='ocrx_word' id='word_1_487' title='bbox 260 2616 315 2644; x_wconf 82' lang='lat' dir='ltr'>PP.</span> <span class='ocrx_word' id='word_1_488' title='bbox 334 2614 522 2650; x_wconf 67' lang='lat' dir='ltr'>quaesivisset</span> <span class='ocrx_word' id='word_1_489' title='bbox 992 2613 1015 2631; x_wconf 89' lang='lat'>¹⁷</span> <span class='ocrx_word' id='word_1_490' title='bbox 1034 2612 1110 2640; x_wconf 82' lang='lat' dir='ltr'>Ram.</span> <span class='ocrx_word' id='word_1_491' title='bbox 1129 2620 1239 2639; x_wconf 75' lang='lat' dir='ltr'>mecum</span> 
     </span>
    </p>
   </div>
   <div class='ocr_carea' id='block_1_4' title="bbox 227 2656 1304 2688">
    <p class='ocr_par' dir='ltr' id='par_1_10' title="bbox 227 2656 1304 2688">
     <span class='ocr_line' id='line_1_44' title="bbox 227 2656 1304 2688; baseline -0.003 -1"><span class='ocrx_word' id='word_1_492' title='bbox 227 2660 238 2679; x_wconf 80' lang='lat'>⁹</span> <span class='ocrx_word' id='word_1_493' title='bbox 257 2660 313 2688; x_wconf 90' lang='lat' dir='ltr'>PP.</span> <span class='ocrx_word' id='word_1_494' title='bbox 332 2659 484 2687; x_wconf 72' lang='lat' dir='ltr'>mansisset</span> <span class='ocrx_word' id='word_1_495' title='bbox 993 2657 1015 2675; x_wconf 78' lang='lat'>⁴⁸</span> <span class='ocrx_word' id='word_1_496' title='bbox 1034 2656 1111 2685; x_wconf 83' lang='lat' dir='ltr'>Ram.</span> <span class='ocrx_word' id='word_1_497' title='bbox 1130 2657 1304 2685; x_wconf 69' lang='lat' dir='ltr'>commentus</span> 
     </span>
    </p>
   </div>
   <div class='ocr_carea' id='block_1_5' title="bbox 1826 0 1845 748">
    <p class='ocr_par' dir='ltr' id='par_1_11' title="bbox 1826 0 1845 748">
     <span class='ocr_line' id='line_1_45' title="bbox 1826 0 1845 748; baseline 0 2328"><span class='ocrx_word' id='word_1_498' title='bbox 1826 0 1845 748; x_wconf 95' lang='lat' dir='ltr'> </span> 
     </span>
    </p>
   </div>
  </div>
 </body>
</html>
