1845 3076
249 145 287 174 38
878 152 903 174 P.
925 151 951 173 P.
971 150 1119 174 VERGERIO

248 236 289 266 Et
307 245 382 266 sane
411 245 474 266 non
494 237 621 266 tantum
652 235 685 265 in
700 240 708 256 ¹
742 235 865 266 insulsis
885 235 1062 266 hominibus
1083 235 1136 275 qui
1156 244 1248 275 saepe
1279 245 1391 275 parum
1413 245 1432 266 a
1452 235 1554 266 brutis
1576 235 1693 266 distare
1714 235 1755 266 vi-

249 292 374 329 dentur,
395 292 445 323 vel
465 292 497 322 in
519 292 726 323 mediocribus
746 292 801 332 qui
822 292 1009 324 creberrime
1031 291 1186 323 falluntur
1199 293 1209 309 ‘·'
1241 302 1335 332 seque
1365 292 1446 332 ipsos
1473 292 1609 323 libenter
1630 291 1754 329 fallunt,

248 349 303 380 sed
323 349 356 379 in
376 349 424 379 his
445 359 570 389 quoque
591 349 646 389 qui
666 349 830 380 intellectu
844 350 855 367 ³
886 359 923 380 ac
943 349 1113 389 prudentia
1126 349 1237 389 majori
1255 349 1402 380 videntur
1424 349 1584 388 excellere,
1605 349 1708 380 evenit
1721 348 1755 379 id

249 406 334 446 quod
354 406 517 446 proverbio
537 406 661 443 dicitur,
693 406 786 446 quod,
818 406 893 437 dum
915 406 1036 437 munire
1058 416 1089 437 se
1110 406 1240 446 quisque
1261 406 1398 437 intendit
1425 407 1511 446 signo
1532 406 1640 444 crucis,
1661 406 1757 437 inter-

249 464 325 494 dum
344 463 442 504 digito
461 463 494 494 in
515 463 647 494 ocellum
669 462 807 494 offendit.
828 462 977 502 Quisnam
998 465 1044 494 est
1065 463 1156 500 enim,
1179 463 1205 494 si
1225 463 1315 495 modo
1346 463 1518 504 quidquam
1540 463 1754 503 experientiae

248 520 397 551 habuerit
420 521 440 558 ⁴,
472 521 526 561 qui
557 530 619 551 11011
639 520 826 558 meminerit,
858 521 884 551 si
905 520 1031 560 quando
1051 520 1084 550 in
1115 521 1334 561 cogitationem
1355 521 1436 552 hanc
1457 521 1551 558 venit,
1572 520 1674 551 multa
1693 520 1754 552 sibi

248 577 388 616 proficua
407 587 506 618 eaque
538 587 570 608 se
591 587 780 618 magnopere
811 577 1012 615 desiderasse,
1044 587 1126 618 quae
1144 578 1155 594 ⁵
1185 580 1254 617 post
1274 578 1429 609 modicum
1460 577 1470 593 ⁰
1491 577 1708 617 deprehendit,
1729 578 1755 608 si

247 635 430 674 evenissent,
451 645 513 666 non
534 637 600 666 tam
619 634 746 666 inutilia
768 645 862 674 quam
884 635 979 666 etiam
994 635 1088 665 fuisse
1105 634 1213 666 futura
1228 635 1406 674 pernitiosa,
1420 654 1459 657 —
1473 635 1574 666 multa
1593 645 1625 666 se
1648 635 1755 666 fecisse

248 691 341 722 unius
352 691 422 722 finis
433 692 545 732 gratia,
560 703 641 732 quae
655 702 748 732 saepe
759 693 791 723 in
803 692 899 723 alium
916 694 947 722 et
962 692 1149 732 quandoque
1164 692 1196 722 in
1211 692 1403 723 contrarium
1419 695 1594 729 evaserunt,
1606 710 1645 714 —-
1655 691 1756 732 plera-

248 759 309 788 que
324 752 431 780 tamen
444 749 648 790 ignominiosa
663 750 868 787 exhorruisse,
883 760 965 790 quae
978 749 1109 781 subinde
1124 749 1274 780 honorem
1289 759 1325 780 ac
1340 749 1433 780 decus
1447 749 1592 787 attulere,
1604 767 1642 771 —
1654 749 1755 780 multa

247 817 369 846 quoque
390 807 572 846 apparuisse
594 810 750 847 postremo
770 807 888 847 iniqua,
909 817 990 846 quae
1011 807 1097 847 prius
1118 807 1183 838 visa
1204 805 1331 838 fuerant
1346 807 1357 823 ⁷
1378 809 1471 837 recta.
1506 806 1606 843 Unde,
1628 816 1754 846 quaeso,

247 863 348 894 haec?
364 863 454 895 Unde
469 866 560 895 tanta
573 863 729 895 varietas?
750 863 820 896 Non
835 874 872 895 ex
887 864 979 895 rebus
1004 864 1077 903 ipsis
1093 867 1148 901 051,
1169 874 1250 904 quae
1275 863 1403 895 eaedem
1418 864 1428 880 s
1462 866 1602 901 manent,
1624 865 1680 894 aut
1694 873 1757 894 non

250 921 342 951 facile
363 923 455 952 tanta
475 922 649 952 mutatione
670 921 834 952 variantur
849 921 868 958 ⁹,
890 921 944 952 sed
966 931 1004 952 ex
1026 921 1123 958 nobis,
1144 921 1197 960 qui
1223 921 1312 961 quasi
1333 931 1388 961 per
1409 921 1547 952 cribrum
1568 920 1664 952 oculis
1685 919 1756 951 cali-

245 978 392 1018 gantibus
413 988 461 1009 res
483 979 651 1015 intuemur,
683 981 714 1009 et
734 979 899 1009 veritatem
918 978 1017 1010 veluti
1037 979 1240 1018 palpantibus
1274 978 1417 1009 manibus
1442 978 1638 1018 inquirimuS,
1660 987 1697 1008 ac
1716 977 1756 1008 de

248 1035 343 1066 rebus
358 1036 494 1072 incertis,
513 1046 568 1075 per
583 1036 719 1066 rationes
740 1035 902 1075 ambiguas
921 1045 1095 1075 parumque
1110 1035 1224 1066 solidas
1244 1035 1379 1075 impulsi,
1402 1045 1561 1066 movemur
1576 1035 1597 1051 ¹⁰
1618 1034 1659 1065 ad
1671 1037 1757 1065 recte

243 1092 459 1132 judicandum.
492 1093 528 1123 In
548 1103 610 1132 (1110
637 1092 764 1132 judicio,
801 1095 836 1123 ut
855 1102 991 1132 aequum
1012 1095 1067 1131 est,
1088 1092 1338 1132 frequentissime
1369 1092 1517 1123 fallimur.
1547 1091 1757 1130 Quamobrem
1839 1091 1841 1126 ζ

246 1149 410 1189 utriusque
432 1150 534 1181 verbis
556 1159 728 1186 monemur,
760 1160 821 1181 non
843 1149 998 1180 confidere
1021 1150 1059 1180 de
1080 1150 1186 1186 nobis;
1218 1150 1273 1180 sed
1294 1150 1334 1181 ab
1355 1159 1390 1180 eo
1412 1152 1557 1189 petamus
1577 1149 1678 1189 dirigi,
1701 1150 1755 1189 qui
1839 1138 1841 1142 ‚

245 1207 344 1237 nescit
365 1216 481 1243 errare,
501 1209 598 1246 atque
619 1207 659 1237 ab
680 1217 715 1238 eo
730 1207 805 1247 ipso,
828 1207 883 1246 qui
903 1209 987 1238 totus
1007 1207 1106 1238 bonus
1122 1210 1168 1238 est
1190 1209 1221 1238 et
1236 1207 1338 1247 ipsum
1354 1206 1475 1237 Bonum
1496 1208 1551 1244 est,
1572 1206 1661 1237 nobis
1675 1206 1758 1237 bona

244 1273 437 1303 praecemur,
458 1263 538 1294 illud
559 1264 687 1304 insuper
708 1264 886 1301 sentienteS,
908 1264 973 1295 sine
994 1274 1055 1304 quo
1071 1265 1091 1281 ¹¹
1112 1264 1254 1304 superior
1275 1264 1356 1295 ratio
1387 1274 1500 1308 parum
1521 1264 1614 1302 valet,
1636 1266 1672 1294 ut
1692 1273 1756 1295 non

243 1321 302 1352 nisi
320 1321 341 1337 ¹²
363 1321 446 1352 bona
469 1321 679 1352 existimemus
701 1331 916 1361 quaecumque
937 1321 1060 1353 dederit
1081 1321 1146 1360 ille,
1176 1322 1230 1362 qui
1251 1321 1334 1354 male
1355 1323 1431 1353 dare
1452 1332 1514 1353 non
1533 1323 1643 1362 potest.
1667 1320 1757 1360 Quod

243 1379 269 1408 si
289 1378 346 1409 hoc
368 1379 536 1410 admittere
558 1382 664 1410 nostra
684 1379 884 1411 imbecillitas
905 1390 966 1410 11011
987 1380 1129 1417 5115111101,
1152 1379 1205 1411 sed
1219 1379 1303 1411 mala
1318 1379 1442 1420 judicat
1464 1389 1680 1419 quaecumque
1693 1388 1757 1409 mo-

242 1436 321 1466 lesta
336 1438 417 1469 sunt,
439 1437 555 1476 gratias
575 1436 686 1467 saltem
701 1446 830 1477 agamus
846 1437 977 1468 Divinae
993 1437 1137 1475 bonitati,
1153 1437 1236 1477 quod
1251 1438 1272 1454 ¹3
1294 1437 1401 1477 pejora
1417 1437 1587 1476 prohibuit,
1603 1438 1635 1468 et
1645 1435 1757 1476 majori

244 1503 299 1525 nos
320 1493 462 1524 molestia
493 1494 617 1525 turbari
637 1504 699 1525 non
723 1494 872 1534 permisit.
906 1494 973 1526 Hoc
994 1497 1041 1526 est
1060 1494 1143 1535 quod
1164 1495 1265 1526 Deum
1286 1495 1374 1526 nobis
1395 1494 1548 1531 conciliat,
1570 1504 1667 1534 quum
1689 1493 1757 1533 ejus

242 1561 337 1582 curae
358 1561 413 1582 nos
434 1551 666 1588 001111111111111115,
698 1551 892 1591 arbitrioque
913 1552 1134 1583 submittimus
1156 1552 1223 1583 Hoc
1244 1563 1315 1583 eum
1337 1552 1425 1584 nobis
1450 1552 1621 1592 benignum
1642 1551 1756 1588 reddit,

242 1611 274 1639 et
295 1608 478 1648 multiplicis
512 1608 633 1648 gratiae
654 1608 884 1646 conductorem,
916 1619 1013 1649 quum
1036 1609 1056 1625 ¹¹
1088 1609 1151 1640 sive
1172 1620 1287 1650 magna
1319 1609 1540 1649 adgrediamur
1562 1608 1624 1639 sive
1646 1618 1755 1648 parva,

240 1665 394 1705 quidquid
428 1666 635 1706 negotiamur,
667 1666 820 1706 quidquid
841 1667 1245 1707 intendimus,postulamus
1276 1668 1317 1699 ab
1340 1678 1374 1699 eo
1396 1667 1502 1699 afferri
1523 1679 1681 1708 prospera,
1703 1668 1756 1699 ad-

243 1732 331 1754 versa
352 1723 471 1763 repelli.
494 1723 560 1754 Hoc
580 1724 681 1763 ipsum
703 1734 826 1763 quoque
840 1724 1071 1756 solicitudinem
1088 1725 1108 1741 ¹5
1130 1727 1279 1762 nostram,
1301 1735 1424 1765 semper
1437 1726 1612 1765 inquietam
1632 1736 1668 1757 ac
1690 1728 1754 1756 tur-

242 1780 350 1811 bidam
370 1780 480 1812 sedare
502 1780 674 1820 plurimum
695 1784 806 1821 potest,
838 1792 935 1821 quum
956 1784 987 1812 et
1008 1782 1090 1813 bona
1110 1782 1262 1821 praebere
1292 1786 1324 1813 et
1345 1783 1429 1814 mala
1450 1783 1616 1822 prohibere
1637 1793 1698 1814 non
1720 1783 1754 1813 in

242 1837 330 1868 nobis
345 1837 367 1854 ¹⁶
387 1838 440 1868 sed
461 1838 494 1868 in
516 1838 580 1869 Deo
603 1848 667 1869 esse
688 1848 952 1878 recognoscamus,
973 1839 1037 1879 qui,
1058 1849 1129 1870 eum
1150 1842 1197 1871 tot
1218 1850 1255 1870 ac
1275 1839 1372 1871 tantis
1393 1840 1532 1880 quotidie
1554 1841 1642 1872 nobis
1666 1841 1756 1871 bene-

242 1894 319 1926 ficiis
340 1895 547 1935 praestandis,
570 1905 651 1936 quae
672 1895 817 1936 ignorare
838 1906 901 1927 non
920 1899 1023 1936 potest
1044 1897 1233 1937 quicumque
1254 1907 1363 1928 sanam
1385 1900 1522 1928 mentem
1544 1898 1650 1935 habet,
1671 1897 1754 1929 male

243 1963 366 1992 semper
388 1953 453 1984 Deo
468 1963 646 1984 mereamur
662 1954 692 1984 ¹⁷.
714 1953 833 1984 Tamen
853 1955 884 1985 et
899 1954 981 1984 bona
999 1954 1117 1995 jugiter
1130 1957 1271 1993 praestat
1291 1964 1373 1995 quae
1387 1965 1449 1985 non
1463 1965 1627 1986 meremur.
1650 1955 1754 1986 Etiam

240 2010 268 2040 si
290 2020 353 2050 qua
373 2010 512 2050 patimur
534 2011 626 2048 mala,
647 2010 767 2051 majora
787 2013 903 2048 tamen,
925 2021 1006 2050 quae
1028 2011 1114 2042 haud
1134 2011 1230 2043 dubie
1251 2022 1416 2050 meremur,
1448 2012 1566 2043 avertit
1585 2012 1759 2044 clementer

250 2184 256 2200 ¹
280 2182 332 2211 Nei
351 2182 438 2210 codici
457 2191 554 2210 manca
572 2182 624 2210 Νη
1016 2184 1039 2202 ⁴¹¹
1059 2183 1128 2212 Reff.
1147 2184 1207 2212 PM.
1227 2192 1381 2219 movemur,
1399 2184 1446 2212 ΒΓ.
1465 2184 1520 2213 ΡΡ.
1540 2186 1688 2213 moventur

249 2228 260 2244 2
280 2227 333 2255 PF.
353 2227 488 2259 fallimur
1018 2230 1037 2246 ¹¹
1059 2228 1127 2256 Reff.
1155 2230 1303 2257 sentientes
1324 2237 1388 2263 (μισ,
1417 2229 1462 2257 Br.
1482 2238 1496 2257 0
1520 2229 1580 2257 PM.
1608 2228 1760 2257 sentientes

247 2273 259 2289 3
278 2271 345 2298 Reff.
364 2271 517 2305 intellectu,
536 2271 576 2307 gli
595 2271 660 2300 altri
682 2271 712 2299 in
730 2272 874 2300 intellectu
1046 2282 1115 2301 sane
1129 2282 1184 2308 qno

248 2317 259 2333 ⁴
277 2315 345 2346 Reff,
363 2317 552 2351 emperienticae
565 2325 662 2344 rcrmn
676 2316 810 2345 habuerit
1013 2319 1036 2337 ¹¹¹
1055 2318 1123 2346 Reff.
1143 2320 1176 2346 1ιὲ
1188 2319 1245 2346 nist]

248 2361 258 2377 f·
277 2359 329 2387 Nei
343 2359 430 2388 codici
449 2360 499 2395 qut
1012 2363 1033 2381 ¹³
1054 2362 1109 2390 PP.
1122 2370 1195 2397 qnae

247 2406 258 2421 ⁶
278 2404 337 2432 PM.
359 2405 413 2432 PP.
433 2404 550 2432 modum
1016 2408 1037 2425 ¹⁴
1058 2407 1103 2435 ΒΓ.
1124 2408 1184 2435 ΡΜ.
1204 2415 1267 2435 cum

247 2450 258 2465 ⁷
278 2448 336 2476 PM.
357 2449 483 2482 suerunt
1016 2452 1037 2469 ¹⁵
1056 2450 1124 2478 Reff.
1143 2451 1354 2479 solicitudinem
1365 2460 1375 2484 ;
1393 2451 1434 2487 gli
1453 2451 1517 2479 altri
1536 2450 1722 2480 solitudinem

247 2493 257 2508 ⁸
278 2492 344 2520 Reff.
363 2492 418 2520 PP.
438 2492 544 2527 eadem,
564 2493 610 2520 ΒΓ.
630 2492 691 2521 PM.
711 2493 825 2521 heedem
1016 2496 1036 2513 ¹⁶
1056 2494 1126 2523 Reff.
1140 2495 1289 2530 praebere,
1303 2496 1329 2522 et
1341 2495 1417 2523 malet
1422 2495 1576 2530 prohibere
1588 2503 1647 2522 ozon
1659 2495 1691 2522 in
1705 2502 1754 2522 no-

245 2538 256 2553 ⁹
275 2536 344 2564 Reff.
364 2538 416 2564 aut
428 2544 487 2564 non
509 2536 596 2570 facile
610 2538 691 2565 tanta
713 2538 875 2566 variatione
887 2539 978 2565 111010-
1052 2538 1110 2571 bts;
1129 2538 1170 2573 gli
1189 2537 1253 2566 altri
1267 2539 1406 2566 omettono
1425 2540 1451 2566 et
1462 2538 1702 2574 malaprolctbere

269 2581 345 2609 tione
357 2581 530 2614 variantur,·
544 2581 584 2616 gli
597 2581 663 2609 altri
681 2583 733 2609 aut
746 2590 803 2610 non
818 2583 898 2610 tanta
911 2590 971 2610 mzc-
1009 2583 1031 2600 ¹⁷
1051 2582 1118 2610 Reff.
1139 2591 1308 2611 mereamur.
1322 2582 1423 2611 Eticmt
1436 2583 1461 2611 st
1477 2591 1534 2618 ςμια

270 2625 377 2653 tatione
388 2625 543 2652 variantur
