1845 3076
755 186 894 210 ermom:
1542 181 1578 211 19

783 345 864 376 XVI.

163 438 369 470 LUDOVICO
391 437 733 470 BUZZACHARENO¹
756 437 871 470 JURIS
892 436 1122 476 UTRIUSQUE
1139 437 1370 469 CONSULTO²
1390 439 1418 469 S.
1445 439 1481 470 D.

601 521 728 549 moran,
750 522 790 544 vn
811 521 853 544 JD.
876 521 962 550 πω,
984 512 1069 543 1396.

343 588 411 623 (Br.
425 597 455 623 p.
475 588 493 615 6
514 589 544 621 t,·
559 604 590 607 —
608 587 659 616 G-r.
679 596 700 616 c.
721 588 796 621 14&
811 604 842 607 —
858 587 928 615 PM.
948 596 968 615 e.
988 588 1094 619 66;—
1109 587 1171 615 ΡΡ.
1192 596 1220 614 η.
1240 588 1299 622 54).

149 676 225 707 Cum
245 685 294 706 res
310 678 381 706 tuas
402 686 590 716 magnopere
609 676 749 715 probem,
763 675 842 706 illud
862 678 968 706 tamen
982 675 1134 715 imprimis
1155 675 1230 706 mihi
1254 686 1293 706 ex
1319 678 1349 706 te
1363 675 1476 715 placet,
1491 677 1576 717 quod

68 742 216 773 magnum
237 733 373 764 studium
394 733 492 764 habes
511 733 740 774 cognoscendae
760 733 934 764 vetustatis.
955 732 1031 763 Rem
1046 732 1173 772 quidem
1194 735 1226 763 et
1246 735 1278 764 te
1293 735 1324 764 et
1337 733 1493 772 prudente
1507 735 1573 766 viro

68 789 195 829 dignam
208 790 214 820 !
237 788 318 828 Quid
333 791 415 821 enim
430 791 527 831 magis
539 790 581 822 ad
595 790 723 822 consilia
739 790 821 821 vitae
836 790 1035 829 rationesque
1055 790 1179 827 attinet,
1200 800 1295 830 quam
1315 791 1479 830 praeteriti
1500 794 1577 823 tem-

69 847 152 886 poris
173 850 204 878 et
224 850 383 888 gestarum
404 857 509 878 rerum
531 847 664 879 notitia?
684 849 749 878 Aut
763 847 838 887 quid
854 847 1008 878 communi
1020 848 1030 863 ³²
1046 847 1110 878 viro
1125 847 1222 887 magis
1236 848 1388 885 convenit,
1403 858 1498 888 quam
1511 848 1575 879 lon-

68 914 164 943 gevae
179 914 227 936 res
243 905 356 936 aetatis
371 907 403 936 et
416 915 543 936 cernere
557 908 588 936 et
602 915 775 936 memorare
790 908 822 936 et
843 914 1004 936 recensere
1024 904 1183 945 jucunde?
1205 904 1294 942 Quod
1315 905 1340 935 si
1353 915 1441 936 senes
1456 908 1576 937 nostros

67 960 284 1000 prudentiores
305 962 507 999 arbitramur,
528 973 642 1002 eosque
661 963 776 993 idcirco
797 962 931 993 libenter
952 962 1105 998 audimus,
1120 961 1203 1002 quod
1224 961 1300 992 diu⁴
1322 963 1460 993 viventes
1485 962 1578 1002 plura

66 1017 105 1048 de
127 1019 258 1059 negotiis
277 1019 438 1050 hominum
459 1023 490 1051 et
511 1019 686 1057 didicerint,
707 1023 738 1051 et
759 1019 870 1051 docere
900 1020 1027 1059 possint,
1050 1019 1125 1059 quid
1146 1019 1185 1049 de
1205 1019 1267 1050 illis
1302 1020 1498 1051 sentiendum
1521 1023 1577 1058 est,

67 1075 123 1114 qui
142 1085 198 1106 suo
219 1076 322 1107 studio
342 1077 437 1108 totius
459 1078 606 1117 temporis
627 1079 792 1117 animoque
823 1080 896 1108 ante
922 1087 953 1108 se
980 1087 1085 1107 rerum
1112 1077 1293 1108 memoriam
1314 1077 1466 1117 complexi
1493 1081 1575 1115 sunt,

65 1134 126 1165 nisi
147 1135 245 1175 pluris
267 1145 318 1167 eos
340 1135 469 1167 fortasse
490 1135 628 1173 facimus,
651 1135 705 1175 qui
719 1145 773 1165 suo
787 1135 925 1175 periculo
946 1146 1055 1175 pauca,
1085 1146 1179 1175 quam
1212 1135 1267 1174 qui
1289 1135 1392 1166 alieno
1413 1135 1513 1166 multa
1534 1135 1578 1165 di-

64 1192 234 1224 dicissent?
255 1193 294 1224 Et
314 1203 389 1224 sane
409 1193 624 1233 hujuscemodi
644 1193 782 1223 studium
804 1195 937 1224 naturae
956 1193 1129 1232 potentiam
1151 1195 1314 1232 exuperat,
1335 1192 1577 1232 rapidissimum-

65 1260 128 1290 que
149 1251 298 1290 temporis
318 1260 452 1287 cursum,
474 1250 557 1290 quod
578 1251 738 1290 praeterit,
759 1250 783 1280 si
803 1250 892 1287 sistit,
904 1250 915 1267 ⁵
939 1251 1001 1281 imo
1021 1260 1092 1281 vero
1106 1252 1190 1281 retro
1206 1249 1313 1286 flectit,
1330 1260 1427 1289 quum
1442 1260 1478 1280 ea
1493 1259 1575 1289 quae

65 1309 142 1339 ante
169 1309 216 1338 tot
236 1317 334 1339 annos
354 1310 441 1348 gesta
461 1307 579 1338 suntin
604 1317 750 1346 praesens
770 1311 904 1344 revocat,
926 1310 1034 1347 totque
1055 1307 1249 1338 saeculorum
1273 1307 1397 1347 egregia
1411 1306 1516 1338 studia
1530 1317 1577 1338 co-

63 1364 195 1404 gnitioni
216 1365 386 1402 hominum,
407 1368 570 1405 tamquam
591 1365 778 1404 praesentia,
799 1365 933 1405 subjicit.
955 1364 1065 1395 Vivere
1085 1365 1161 1395 mihi
1182 1364 1289 1396 videor
1313 1367 1452 1396 aetatem
1476 1364 1573 1401 illam,

63 1422 154 1461 cujus
173 1422 317 1453 historias
338 1422 481 1462 legimus,
502 1425 598 1462 atque
619 1433 654 1453 eo
675 1422 773 1462 magis
793 1422 904 1459 vivere,
925 1422 1008 1467 quod
1029 1422 1163 1452 aliarum
1177 1424 1319 1461 respectu
1339 1421 1465 1452 sordeat
1485 1424 1573 1453 aetas

62 1481 180 1516 nostra,
200 1479 262 1510 sive
284 1478 366 1519 quod
387 1489 448 1510 non
469 1479 527 1510 nisi
548 1489 680 1519 magnae
702 1479 888 1519 amplaeque
910 1489 959 1509 res
979 1481 1054 1509 tunc
1074 1478 1196 1516 fierent,
1217 1479 1280 1510 sive
1302 1479 1394 1518 quod,
1416 1481 1451 1509 ut
1471 1479 1575 1509 verisi-

65 1535 231 1567 millimum
254 1539 308 1574 est,
341 1536 381 1567 ad
402 1546 457 1567 nos
479 1546 534 1576 per
554 1537 757 1568 scribentium
789 1546 900 1567 manus
931 1536 1115 1567 emanarint.
1139 1535 1275 1576 Quisque
1297 1546 1369 1576 ergo
1400 1539 1578 1576 temporum

63 1593 249 1624 memoriam
270 1593 406 1624 omnium
439 1594 545 1631 habet,
566 1594 618 1624 ille
650 1594 726 1624 mihi
746 1593 871 1624 videtur
890 1603 1012 1624 omnem
1034 1593 1144 1624 vixisse
1164 1595 1312 1624 aetatem.
1340 1592 1413 1623 [nde
1434 1593 1466 1623 in
1494 1594 1576 1624 hanc

64 1651 323 1682 existimationem
345 1651 537 1691 pedetentim
558 1651 638 1688 veni,
661 1653 704 1687 ut,
727 1651 785 1681 nisi
806 1650 947 1691 protinus
968 1651 1078 1681 melior
1098 1661 1147 1681 me
1167 1650 1253 1681 vita⁵
1273 1651 1400 1687 habeat,
1423 1651 1456 1680 in
1478 1653 1579 1681 extre-

61 1718 113 1738 mo
134 1707 230 1739 olim⁷
248 1710 398 1748 tempore,
421 1711 452 1739 et
474 1719 534 1748 quo
555 1709 653 1739 serius
674 1708 743 1739 fieri
764 1708 868 1747 possit,
890 1710 1000 1738 natum
1021 1718 1070 1739 me
1090 1707 1207 1745 malim,
1228 1708 1254 1738 si
1274 1708 1365 1739 modo
1387 1708 1481 1747 plena
1506 1707 1576 1738 sub-

62 1765 126 1795 sint
147 1765 186 1796 de
206 1765 300 1796 rebus
321 1766 463 1797 omnibus
484 1768 687 1797 monumenta
701 1765 874 1796 literarum.
889 1764 1065 1796 Secundum
1080 1768 1228 1796 naturam
1251 1765 1341 1802 enim,
1363 1766 1389 1795 is
1403 1768 1449 1796 est
1462 1766 1573 1802 senior,

63 1822 119 1862 qui
139 1823 226 1862 prior
247 1825 293 1854 est
313 1826 425 1860 natus;
446 1823 616 1854 secundum
647 1823 705 1854 hoc
725 1823 873 1859 studium,
895 1824 948 1862 qui
968 1822 1129 1862 posterior,
1149 1825 1245 1862 atque
1271 1822 1340 1853 ideo
1361 1822 1455 1862 plura
1485 1822 1575 1854 decet

62 1890 134 1910 eum
156 1890 348 1920 cognoscere.
362 1880 448 1911 Haec
461 1881 507 1911 ita
517 1881 536 1919 8,
558 1881 583 1911 si
603 1881 727 1921 ingenio
741 1883 835 1920 atque
858 1880 1013 1910 industria
1023 1880 1044 1916 ⁹,
1062 1890 1142 1919 quae
1157 1880 1197 1911 ab
1212 1882 1328 1911 natura
1341 1880 1418 1911 data
1430 1883 1512 1916 sunt,
1532 1880 1576 1911 di-

62 1937 194 1977 ligentia
209 1940 315 1968 nostra
330 1940 361 1969 et
375 1937 465 1969 labor
479 1938 672 1969 accesserint.
696 1938 872 1974 Caeterum,
887 1940 919 1968 et
941 1937 981 1968 ad
1002 1937 1224 1977 eloquentiam,
1239 1938 1328 1978 cujus
1341 1937 1499 1977 negotium
1513 1948 1576 1969 non

62 2004 203 2034 unquam
216 1996 237 2012 ¹⁰
257 1995 397 2036 negligis,
418 1995 587 2035 plurimum
607 1996 692 2026 valet
705 1995 838 2035 cognitio
854 1995 1094 2032 historiarum¹¹‚
1115 2005 1185 2026 cum
1206 1995 1247 2026 ad
1268 1995 1411 2026 decorem
1431 1997 1499 2026 tum
1513 2005 1576 2026 ma-

63 2051 110 2092 gis
143 2052 183 2082 ad
203 2053 413 2092 persuadendi
434 2053 504 2083 vim.
526 2052 620 2090 Nam,
641 2053 699 2084 etsi
710 2053 732 2070 ¹²
752 2053 922 2093 plurimum
942 2052 1118 2084 rationibus
1137 2052 1329 2091 conficiatur,
1351 2052 1430 2083 nihil
1461 2055 1508 2084 est
1530 2054 1576 2083 ta·

64 2119 137 2140 men
158 2120 220 2149 quo
241 2111 339 2150 magis
360 2113 456 2150 atque
477 2110 627 2151 exemplis
640 2111 757 2142 moveri
770 2110 910 2142 homines
925 2110 1051 2150 possint.
1074 2110 1110 2140 In
1124 2110 1201 2141 haec
1216 2120 1272 2151 ego
1287 2112 1317 2141 te
1332 2109 1437 2141 studia
1451 2119 1575 2149 magno-

61 2177 137 2206 pere
158 2167 316 2198 adhortor.
339 2168 426 2199 Vale.

69 2279 76 2296 4
100 2278 146 2306 Gr.
166 2279 244 2307 PM:
265 2279 455 2308 Buzacharmo
843 2279 852 2297 ⁷
876 2279 951 2307 Olim
969 2287 1018 2314 per
1036 2278 1195 2314 aliquando

67 2324 79 2341 ⁴2
98 2323 161 2352 Cosi
181 2323 210 2351 in
230 2324 276 2352 Br.
295 2333 308 2351 e
329 2324 389 2353 PM.
839 2326 850 2341 ⁸
868 2323 950 2352 Haec
970 2324 1018 2357 ita,
1037 2325 1135 2358 questa
1153 2331 1201 2358 per
1220 2322 1314 2351 fermo.

68 2370 78 2385 ὁ
102 2367 279 2402 Communis,
299 2377 377 2397 uomo
396 2369 425 2396 in
444 2369 574 2404 pubblico
593 2369 691 2397 officio.
841 2370 851 2386 ⁹
870 2368 922 2396 Nei
942 2367 1046 2396 codici:
1067 2367 1214 2396 industria

65 2414 76 2430 ⁴
96 2413 168 2441 PR:
188 2414 320 2449 quandiu
834 2414 855 2430 ¹⁰
874 2412 920 2441 Gr.
939 2421 998 2440 non
1015 2413 1115 2447 utique

65 2459 77 2476 ⁵
97 2458 166 2486 ΡΡ.;
188 2457 294 2486 insistit
833 2458 852 2476 Η
876 2457 922 2485 Gr.
942 2457 1096 2484 literarum

66 2506 78 2522 ⁶
96 2504 150 2532 Nei
169 2502 268 2532 codici:
287 2503 413 2532 melioris
432 2512 509 2532 meae
528 2505 601 2532 vitae
834 2504 857 2521 ¹2
875 2502 928 2531 Nei
946 2502 1050 2530 codici:
1070 2503 1096 2529 et
1113 2501 1138 2531 si
