1845 3076
233 151 291 182 160
864 158 889 180 P.
913 158 939 180 P.
960 157 1111 181 VERemuo

958 315 1017 347 CV.

670 408 881 440 BELEGNO¹
909 409 963 440 DE
993 409 1130 440 JANUA
1157 409 1184 441 S.
1213 410 1246 441 P.
1275 410 1312 442 D.

781 493 909 521 PADUAE,
931 493 949 515 v
971 493 1067 522 FEBR.‚
1092 485 1167 516 1397
1183 486 1202 516 ².

492 560 557 595 (Βν.
570 569 594 595 p
624 561 679 594 51‚·
699 576 734 580 —-
752 560 836 589 Ram.
850 569 882 595 p.
902 560 962 593 62;
984 576 1014 579 —
1033 559 1105 588 PM.
1125 569 1146 588 c.
1166 561 1226 593 84‚·
1250 577 1277 580 κ
1298 561 1361 588 ΡΡ.
1381 569 1410 590 n.
1429 561 1490 597 60.)

309 657 454 697 Quotidie
480 657 591 688 literas
614 668 633 688 a
653 660 684 688 te
705 659 844 697 expecto,
871 657 994 697 quibus,
1021 667 1117 697 quam
1146 657 1279 688 feliciter
1300 657 1382 695 ieris,
1409 668 1505 698 quam
1532 661 1618 690 recte
1636 659 1744 692 omnia

227 716 348 752 feceris,
369 715 445 755 quid
467 717 652 755 assequutus
666 715 715 753 sis,
738 714 851 754 quidve
871 724 984 754 speres
1006 724 1230 753 cognoscerem.
1252 715 1335 746 Nam
1356 726 1477 755 nequeo
1497 726 1559 748 non
1573 716 1584 733 ³
1604 726 1670 748 esse
1684 717 1743 749 sol-

228 773 333 804 licitus
354 773 393 804 de
415 775 456 809 te,
478 773 510 803 in
532 783 603 813 quo,
625 773 649 802 si
670 773 818 803 virtutem
839 774 975 812 spectem
991 772 1010 809 ⁴¹,
1036 772 1116 802 nihil
1135 772 1224 803 adest
1238 773 1249 789 5
1269 773 1408 810 amicius,
1428 773 1454 803 si
1473 772 1644 812 fortunam,
1663 774 1743 806 nihil

230 830 385 862 infestius.
407 830 466 861 Sed
481 830 560 861 solet
573 831 619 861 ita
634 840 704 861 cum
719 829 823 869 probis
837 830 966 860 fortuna
986 829 1104 861 bellum
1119 840 1237 870 gerere,
1253 832 1289 860 ut
1303 830 1459 870 improbos
1478 830 1585 868 faciat,
1600 831 1626 862 si
1640 831 1746 871 possit,

231 907 270 911 —
286 889 311 919 si
331 889 444 926 minus,
465 890 610 919 exerceat
630 891 745 919 tamen.
769 887 850 918 Nam
870 887 1013 919 imbelles
1034 888 1160 927 quidem
1182 898 1311 919 enerves
1326 889 1337 905 ⁶
1358 888 1449 919 facile
1471 891 1635 929 exuperat,
1656 892 1689 920 et
1700 889 1743 921 ad

231 947 349 986 primos
364 945 500 986 impetus
515 945 694 976 substernit.
710 945 820 976 Virtus
834 948 941 976 autem
956 945 1058 985 frangi
1072 946 1178 983 nescit,
1194 945 1275 977 vinci
1290 957 1351 977 non
1365 948 1486 986 potest3
1501 946 1555 977 sed
1569 957 1605 977 eo
1621 957 1745 987 semper

229 1003 340 1034 fortior
359 1013 396 1034 ac
416 1003 517 1043 major
543 1002 680 1034 occurrit
694 1003 714 1039 ⁷,
743 1013 804 1042 quo
825 1003 969 1041 graviora
990 1005 1063 1033 sunt
1078 1003 1088 1019 ⁸
1116 1003 1257 1041 vulnera,
1283 1013 1365 1043 quae
1385 1013 1474 1035 casus
1501 1003 1625 1035 inflixit.
1653 1004 1743 1036 Nihil

227 1060 324 1101 igitur
344 1061 376 1091 in
397 1061 479 1091 hanc
500 1071 567 1091 rem
587 1059 800 1091 admonitione
822 1070 892 1090 mea
912 1069 989 1099 opus
1009 1060 1116 1099 habes,
1138 1060 1299 1092 fortunam
1319 1071 1421 1092 meam
1443 1064 1598 1102 expertus,
1617 1072 1742 1094 omnem

226 1119 436 1158 equanimiter
457 1128 573 1158 passus.
597 1117 766 1158 Reliquum
780 1120 825 1148 est
847 1120 884 1148 ut
900 1118 979 1148 bene
1000 1118 1128 1157 posthac
1149 1128 1264 1158 speres.
1287 1118 1369 1158 Quos
1391 1119 1474 1151 enim
1493 1119 1594 1151 tristis
1614 1119 1744 1151 fortuna

225 1176 350 1207 vincere
371 1187 433 1208 non
454 1176 568 1216 potuit,
590 1185 640 1207 eos
661 1176 849 1216 plerumque
870 1176 957 1207 laeta
976 1176 1135 1207 sublimat.
1162 1176 1245 1207 Vale.

950 1436 1026 1468 CVI.

614 1529 788 1561 COLUCIO
809 1529 930 1560 PETRI
952 1530 1005 1560 DE
1026 1529 1247 1562 SALUTATIS
1268 1531 1295 1562 S.
1319 1531 1355 1562 D.

718 1613 846 1643 PADUAE,
867 1613 978 1636 ummo
997 1614 1136 1644 JANUARI,
1158 1606 1244 1637 1391.

467 1680 532 1714 (Br.
546 1689 578 1716 p.
598 1681 657 1714 63;
677 1697 709 1700 —
734 1680 785 1709 Gr.
804 1690 825 1708 c.
845 1683 918 1715 114.-
939 1698 971 1701 —
991 1681 1062 1709 PM.
1082 1690 1103 1710 c.
1124 1683 1180 1710 125
1195 1684 1232 1716 t.,·
1254 1700 1284 1702 —
1304 1683 1367 1711 ΡΡ.
1386 1692 1415 1712 n.
1434 1684 1495 1719 12.)

306 1778 388 1810 Raro
409 1778 450 1809 ad
466 1781 498 1810 te
514 1778 625 1815 scribo,
646 1778 850 1810 celeberrime
871 1779 928 1817 vir,
949 1781 981 1810 et
1002 1779 1246 1819 singularissime
1266 1783 1368 1821 pater,
1388 1781 1513 1814 duabus
1533 1792 1596 1814 non
1616 1782 1739 1815 levibus

225 1837 336 1873 causis,
359 1836 462 1867 altera
488 1846 625 1876 quarum
645 1837 728 1877 cogit
748 1839 784 1867 ut
805 1837 950 1873 scribam,
977 1837 1080 1868 altera
1099 1838 1212 1869 suadet
1233 1840 1270 1869 ut
1290 1841 1422 1877 taceam,
1449 1839 1523 1870 hinc
1543 1842 1640 1880 atque
1666 1840 1740 1872 hinc

224 1904 275 1925 me
294 1894 502 1934 pulsantibus..
526 1893 648 1934 Cogunt
667 1894 820 1933 siquidem
841 1905 890 1925 me
911 1893 1091 1926 affectiones
1111 1906 1209 1934 meae,
1230 1896 1345 1936 quibus
1365 1895 1520 1937 refragari
1543 1907 1666 1938 nequeo
1687 1908 1737 1929 ur-

225 1952 382 1992 gentibus,
403 1954 440 1982 ut
451 1954 494 1990 te,
508 1951 610 1983 virum
630 1952 757 1990 bonum,
778 1962 872 1992 quem
893 1953 1085 1984 rarissimum
1107 1953 1243 1985 mundus
1258 1954 1363 1992 habet,
1385 1957 1509 1995 patrem
1528 1966 1635 1987 meum
1655 1967 1740 1988 ama-

224 2009 391 2047 tissimum,
412 2009 534 2048 litteris,
556 2010 676 2049 quum⁹
696 2010 808 2042 absens
828 2020 901 2042 voce
914 2021 976 2042 non
990 2021 1125 2051 possum,
1146 2011 1296 2052 frequens
1310 2012 1465 2052 alloquar,
1485 2012 1545 2044 tibi
1557 2013 1654 2045 animi
1674 2015 1736 2046 mei

222 2068 343 2098 statum
362 2067 507 2104 indicem,
527 2070 665 2099 mentem
686 2068 836 2108 aperiam,
858 2071 889 2099 et
909 2069 1063 2109 quidquid
1078 2069 1122 2100 ibi
1143 2071 1189 2100 est
1203 2071 1258 2100 tuo
1279 2070 1410 2102 arbitrio
1430 2070 1604 2111 subjiciam,
1625 2081 1739 2112 expur—

223 2124 362 2164 gandum
376 2124 459 2164 quod
480 2124 595 2163 sordet,
610 2128 642 2156 et
656 2125 740 2166 quod
754 2128 838 2157 recte
852 2126 988 2166 positum
1003 2129 1050 2157 est
1064 2126 1239 2158 fovendum.
1262 2126 1388 2165 Quanta
1401 2131 1459 2165 est,
1475 2128 1568 2166 Deus,
1583 2129 1738 2161 bonitatis

221 2181 423 2219 existimatio,
445 2184 630 2222 quantaque
653 2182 807 2223 dignitas!
832 2182 933 2221 Quam
944 2184 964 2200 ¹⁰
986 2183 1047 2215 cito
1062 2184 1145 2215 enim
1158 2184 1261 2215 virum
1282 2185 1462 2225 quempiam
1483 2185 1600 2217 bonum
1617 2186 1738 2227 judica-

220 2238 366 2276 verimus,
387 2239 530 2279 protinus
552 2240 647 2271 etiam
668 2240 743 2271 mali
757 2241 777 2257 ¹¹
799 2240 966 2281 diligimus,
981 2241 1187 2282 volumusque
1213 2241 1387 2274 familiares
1414 2246 1447 2275 et
1475 2243 1637 2275 domestici
1655 2243 1735 2276 fieri.

233 2382 241 2398 ¹
261 2380 324 2410 PM.
343 2381 496 2416 Prospero.
516 2381 551 2409 In
571 2382 616 2410 ΒΥ,
630 2390 686 2409 11011
706 2381 730 2409 si
748 2382 831 2418 legge
849 2382 906 2418 pit'l.
927 2384 961 2411 In
1010 2386 1020 2403 ⁶
1040 2385 1094 2414 ΡΡ.
1115 2387 1231 2413 enervat

255 2424 332 2453 Ram.
352 2433 451 2453 manca
1008 2431 1019 2447 ⁷
1038 2430 1084 2458 Br.
1104 2439 1117 2457 e
1137 2431 1192 2459 ΡΡ.
1212 2431 1370 2459 occurrerit

229 2470 241 2487 ²
259 2468 296 2496 In
315 2469 392 2498 Ram.
406 2479 505 2498 manca⁴
522 2471 551 2498 la
564 2471 637 2499 data.
657 2470 701 2498 Ivi
720 2471 748 2498 la.
767 2471 866 2500 lettera
884 2473 898 2499 e
917 2472 959 2499 111-
1007 2475 1018 2491 ⁸
1038 2474 1090 2503 ΡΡ.
1110 2475 1171 2502 smt

255 2512 401 2548 completa.
421 2514 463 2542 Va
481 2515 544 2542 sino
563 2515 621 2542 alla
640 2515 738 2550 parole.
755 2518 908 2551 eoesmoerat
1008 2520 1019 2536 ⁹
1038 2520 1084 2547 Gr.
1104 2520 1242 2554 quomam

231 2558 242 2574 ³
262 2557 361 2584 Manca
379 2558 424 2585 nei
443 2558 531 2586 codici
550 2559 571 2586 il
590 2568 648 2587 non
994 2563 1015 2580 ¹⁰
1034 2563 1079 2591 ΒΓ.
1099 2572 1113 2590 e
1132 2563 1192 2593 PM.
1211 2564 1375 2600 soveudum,
1392 2566 1503 2600 quanta
1522 2566 1564 2593 est
1580 2564 1693 2593 Deus..
1707 2587 1713 2593 .
1726 2586 1733 2593 .

231 2602 242 2618 ⁴
261 2601 314 2629 Nei
333 2602 421 2630 codici
439 2605 544 2638 spectes
1028 2608 1165 2644 definitas,
1184 2618 1272 2644 quam

231 2646 242 2663 ⁵
260 2645 313 2674 Nei
332 2645 418 2674 codici
438 2646 523 2676 habes
993 2653 1011 2669 ¹¹
1034 2652 1079 2680 Gr.
1098 2653 1174 2681 male
