1845 3076
237 163 280 193 42
870 171 896 193 P.
918 171 942 193 P.
965 171 1113 194 VERGERIO

238 254 353 291 veniat,
374 253 507 293 sapienti
527 253 629 294 gravis
649 254 698 292 sit,
720 264 786 291 nec,
807 254 832 284 si
852 264 922 284 cum
942 254 1067 291 divitiis,
1089 264 1153 285 esse
1174 255 1269 295 possit
1290 256 1449 295 insipienti
1470 267 1531 288 non
1555 259 1666 297 gravis.
1690 258 1749 290 No-

234 311 277 342 sti
307 310 399 347 enim,
431 311 518 351 cujus
549 311 672 351 generis
702 311 767 341 sit¹
788 310 840 342 hic
870 311 1037 342 verborum
1058 314 1196 348 ornatus,
1221 312 1254 342 in
1282 322 1343 352 quo
1371 313 1607 345 similitudinem
1630 314 1745 346 afferre

237 367 345 405 voluit,
366 377 447 408 quae
462 368 473 384 ²
494 367 621 399 minime
650 370 815 405 constaret,
848 368 873 398 si
892 368 1063 399 secundum
1083 371 1114 399 te
1135 369 1231 400 verba
1253 372 1445 408 ponerentur
1466 370 1485 402 ³.
1515 371 1618 411 Atque
1643 374 1679 403 ut
1706 383 1746 403 ne

237 435 376 465 unquam
395 426 440 455 ita
454 434 569 464 ponere
591 435 662 456 eum
684 425 817 456 noluisse
830 426 840 442 ⁴
862 425 1002 456 dubitari
1022 426 1126 464 possit,
1146 426 1157 442 ⁵
1178 429 1233 457 aut
1249 426 1311 457 alio
1332 426 1398 458 loco
1419 437 1475 467 per
1503 437 1536 459 se
1565 428 1699 468 positum
1724 440 1744 460 a

238 492 395 522 quoquam
411 482 421 498 ⁶
442 482 568 519 mutari,
590 482 664 513 dicti
687 483 805 522 proprii
825 482 1061 513 similitudinem
1077 483 1201 523 adjecit,
1226 494 1323 523 quum
1349 484 1389 515 ad
1403 484 1491 515 aliud
1505 485 1516 501 ⁷
1536 485 1615 516 nihil
1630 486 1640 501 s
1671 486 1748 517 The-

236 539 384 570 mistoclis
411 549 593 579 responsum
625 540 808 579 pertineret.
839 540 875 570 In
897 550 958 580 quo
977 542 1084 571 tamen
1109 550 1223 580 parum
1244 543 1332 571 tutus
1345 541 1356 557 ‘³
1371 541 1457 581 apud
1476 544 1509 572 te
1527 542 1547 558 ¹¹¹
1568 542 1628 573 fuit
1645 543 1664 559 ¹¹
1688 544 1742 583 qui

233 596 314 626 illud
331 597 353 613 ¹²
372 596 412 627 de
435 596 582 628 Cicerone
595 599 650 628 tuo
664 597 844 634 correxeris,
866 607 906 628 ne
925 597 1027 628 verius
1042 597 1063 615 ¹³
1084 597 1186 628 (licam
1201 598 1376 638 corruperis
1391 598 1411 615 ¹⁴
1437 600 1468 630 et
1484 600 1615 630 caeteris
1634 603 1747 631 auctor

234 663 300 684 esse
320 653 434 691 studes,
456 656 491 684 ut
512 654 622 685 itidem
643 653 761 685 saciant
776 654 806 684 ¹⁵.
829 653 931 685 Multo
952 654 1051 694 magis
1070 654 1103 685 in
1124 654 1182 686 1100
1201 655 1277 694 ipso,
1292 655 1351 686 11151
1364 655 1519 687 credimus
1549 655 1742 688 Graecorum

234 710 330 742 libros
351 721 370 742 a
389 711 452 742 suis
481 711 684 751 scriptoribus
716 711 822 742 multis
840 712 907 752 jam
926 711 1059 742 saeculis
1088 712 1244 752 corrumpi
1265 722 1326 743 non
1347 713 1493 752 potuisse,
1524 713 1566 744 ad
1586 714 1745 745 Ciceronis

235 768 398 808 exemplar
417 769 615 809 corrigendos
644 768 713 800 illos
735 779 902 806 censerem,
934 768 973 800 de
994 769 1082 809 cujus
1102 771 1206 800 mente
1227 779 1267 800 ne
1283 769 1304 786 ¹⁶
1331 769 1470 801 dubitari
1492 771 1618 810 quidem
1633 774 1745 811 potest,

234 825 352 865 quique
374 826 469 857 etiam
484 826 505 842 ¹⁷
525 835 709 866 graecarum
730 826 910 857 litterarum
931 825 1126 856 doctissimus
1146 825 1206 857 fuit
1225 826 1256 857 ¹⁸.
1280 825 1369 864 Quod
1383 827 1408 857 si
1423 837 1548 867 prorsus
1564 827 1746 866 contendas,

235 882 314 913 nihil
334 882 419 922 apud
439 885 471 913 te
489 883 509 900 ¹⁹
530 882 569 913 de
589 883 762 923 scripturae
784 882 846 914 fide
867 882 1006 914 dubitari
1021 884 1043 900 ²⁰
1064 883 1205 914 Platonis
1226 884 1324 924 magis
1347 884 1380 914 in
1401 893 1438 915 ea
1458 894 1491 915 re
1513 885 1660 916 standum
1681 895 1751 917 cen—

232 950 303 971 sens
317 940 347 979 ²¹,
379 940 432 980 qui
454 942 486 970 et
506 940 696 971 atheniensis
718 940 813 971 fuerit
835 942 865 971 et
886 940 1015 971 vicinior
1028 941 1051 957 ²²
1072 943 1249 980 temporum
1263 941 1286 958 ²³
1315 941 1452 978 illorum,
1472 944 1509 972 ut
1528 944 1635 973 tamen
1667 942 1746 974 illud

234 997 401 1037 speve1·iuS‚
418 997 476 1028 hoc
491 1000 576 1028 certe
592 998 751 1028 venustius
767 998 788 1014 ‘²⁴
805 1001 851 1028 est
867 997 950 1038 quod
964 997 1049 1038 apud
1067 998 1246 1029 Ciceronem
1262 998 1386 1038 legitur,
1402 999 1456 1039 qui
1469 999 1565 1030 etiam
1579 1000 1601 1017 '²⁵
1615 1000 1745 1031 fortasse

234 1054 409 1094 speraverit
424 1055 455 1092 2⁰,
477 1055 516 1086 ob
538 1057 735 1086 venustatem
749 1056 771 1072 2⁷
792 1055 858 1095 ejus
878 1055 963 1091 dicti,
985 1065 1167 1095 graecorum
1183 1055 1371 1086 auctoritate
1387 1056 1409 1073 ²⁸
1431 1066 1520 1086 suam
1534 1056 1566 1087 in
1581 1056 1640 1088 hac
1653 1060 1746 1096 parte

235 1111 419 1151 praevalere
452 1121 547 1151 posse.
580 1112 619 1143 Et
641 1112 765 1143 Platoni
785 1112 912 1152 quidem
946 1112 1052 1143 tribuo
1072 1115 1226 1152 quantum
1260 1112 1365 1144 Cicero
1386 1113 1461 1153 ipse,
1483 1114 1538 1153 qui
1559 1124 1631 1144 eum
1653 1114 1744 1155 longe

232 1178 356 1208 semper
376 1168 518 1199 omnibus
539 1169 696 1200 antetulit.
729 1169 765 1199 In
786 1170 843 1200 hoc
871 1172 986 1206 tamen,
1009 1169 1033 1200 si
1054 1179 1141 1200 error
1163 1172 1218 1207 est,
1251 1170 1305 1200 det
1325 1170 1449 1201 veniam
1464 1171 1486 1187 ²⁹
1507 1170 1608 1202 Plato.
1631 1171 1746 1202 Errare

234 1235 306 1256 cum
329 1225 476 1257 Cicerone
490 1226 605 1257 malim.
629 1226 740 1266 Itaque
761 1229 881 1257 certum
896 1229 943 1257 est
959 1226 1085 1258 minime
1098 1227 1157 1257 tibi
1172 1227 1349 1264 concedere,
1372 1226 1496 1258 Colucci
1509 1228 1552 1258 mi
1566 1228 1598 1265 ³⁶,
1621 1231 1656 1259 ut
1673 1238 1744 1259 euin

237 1283 339 1313 locum
360 1282 399 1313 de
419 1283 525 1314 libello
546 1284 707 1323 corrigam.

313 1341 404 1372 Alter
425 1344 472 1372 est
493 1341 586 1378 locus⁷
608 1352 670 1381 quo
690 1341 874 1372 Africanum
896 1341 969 1381 dixi,
991 1342 1074 1382 quod
1099 1342 1234 1373 nombrm
1248 1342 1347 1382 pubes
1376 1344 1499 1381 patrem
1514 1342 1545 1379 ³¹,
1566 1343 1653 1383 gravi
1680 1343 1743 1374 vul-

232 1409 307 1430 nere
329 1398 484 1436 affectum,
507 1399 548 1430 ab
568 1399 708 1430 hostibus
729 1409 768 1429 ne
790 1402 967 1439 caperetur,
987 1402 1110 1430 tutatus
1125 1400 1164 1430 sit
1176 1400 1207 1429 ³².
1231 1399 1278 1429 Tu
1300 1399 1383 1430 enim
1396 1399 1515 1430 idoneis
1536 1400 1668 1431 testibus
1683 1411 1742 1440 pu-

234 1457 331 1488 berem
352 1456 445 1487 fuisse
467 1456 640 1487 confirmas¹
657 1456 720 1496 Ego
741 1467 791 1487 me
814 1457 924 1496 opinor
938 1457 961 1473 ³³³
982 1456 1062 1487 nihil
1083 1467 1118 1487 eo
1132 1457 1154 1473 ³¹
1176 1460 1293 1487 temere
1315 1456 1470 1487 affirmare
1491 1457 1632 1494 voluisse,
1654 1467 1743 1497 prae-

232 1513 339 1545 sertim
362 1524 430 1544 cum
453 1517 484 1544 et
504 1513 713 1553 periculosum
734 1517 812 1545 essct
833 1513 1016 1545 inconsultis
1038 1514 1218 1545 auctoribus
1240 1514 1440 1545 historiarum
1460 1514 1492 1545 id
1514 1524 1652 1545 asserere
1666 1515 1689 1532 ³⁶
1712 1517 1743 1545 et

231 1572 398 1603 certificari
420 1572 458 1602 de
480 1571 537 1602 hoc
559 1571 650 1602 facile
671 1572 758 1602 factu
779 1572 885 1608 fuerit,
908 1574 972 1608 aut,
995 1572 1079 1611 quod
1100 1574 1131 1602 et
1152 1572 1275 1602 facilius
1296 1574 1373 1609 erat,
1395 1572 1657 1611 praetermittere.
1681 1572 1741 1603 Ita-

231 1639 292 1670 que
313 1629 411 1669 magis
433 1629 542 1669 opinor
563 1640 582 1660 a
602 1639 652 1659 me
673 1629 807 1669 positum
822 1628 951 1660 vixdum
961 1629 984 1658 ³⁷⁶
998 1629 1105 1669 pubes,
1128 1631 1184 1660 aut
1205 1632 1288 1660 certe
1304 1629 1350 1660 ita
1365 1638 1481 1668 ponere
1494 1629 1634 1660 voluisse.
1657 1628 1740 1660 Nam

230 1687 463 1727 inquisitionem
478 1687 653 1717 adhibitam
668 1686 804 1723 memini,
827 1686 880 1717 sed
894 1696 1033 1723 manum;
1055 1689 1090 1717 ut
1105 1696 1197 1726 saepe
1212 1687 1324 1724 evenit,
1345 1686 1384 1717 ab
1399 1686 1573 1718 intentione
1589 1687 1738 1718 deviasse.

290 1744 399 1775 Restat
407 1747 563 1784 postremo
575 1744 614 1775 de
628 1743 830 1784 ortographia
842 1744 1038 1783 respondere,
1050 1744 1219 1775 secundum
1231 1754 1326 1784 quam
1337 1744 1360 1761 ³⁷
1371 1744 1526 1784 corrigere
1539 1754 1588 1774 me
1600 1743 1744 1776 libellum

241 1856 249 1873 ¹
271 1855 354 1883 Marc.
375 1864 457 1884 senza
474 1856 511 1883 sit
1008 1855 1032 1873 2⁰
1050 1855 1104 1883 ΡΡ.
1123 1854 1254 1882 dubitare

240 1900 251 1916 ²
269 1899 323 1927 ΡΡ.
343 1908 430 1935 (lnam
1004 1900 1024 1917 9¹
1046 1899 1129 1927 Marc.
1152 1899 1204 1926 ΡΡ.
1224 1907 1321 1927 censeo

239 1946 250 1960 5³
269 1944 323 1971 ΡΡ.
337 1944 435 1971 omettc
453 1945 479 1971 .ςί
491 1944 646 1972 seemnlzcnz
661 1945 684 1970 te
699 1944 780 1971 verba
788 1944 968 1978 ponerentur
1004 1945 1026 1961 2²
1046 1944 1129 1971 Maro
1151 1943 1282 1978 virimar,
1303 1943 1358 1970 ΡΡ.
1380 1943 1450 1970 Mur.
1472 1943 1581 1971 ricinus

240 1989 250 2005 4
269 1988 497 2022 lllai·c.s›0152risse
1005 1989 1029 2007 23
1050 1989 1104 2015 ΡΡ.
1126 1989 1298 2022 temporibus

240 2032 250 2049 5
272 2033 324 2060 FP.
345 2033 589 2067 dubitareposset,
609 2032 692 2060 Marc.
707 2033 805 2067 posset
1005 2034 1026 2050 ‘2⁴
1047 2033 1131 2060 Marc.
1149 2032 1287 2060 vetustius

244 2081 255 2099 <v
275 2078 327 2105 ΡΡ.
347 2086 457 2113 quoque
1008 2079 1031 2096 25
1049 2077 1103 2105 ΡΡ.
1124 2079 1150 2105 et
1168 2085 1215 2112 per
1233 2077 1318 2105 etiam

240 2127 250 2143 ⁷
270 2125 325 2152 ΡΡ.
345 2124 437 2151 alium
1006 2123 1029 2140 ²⁶
1048 2121 1117 2149 Mur.
1137 2121 1263 2156 speravit

239 2172 251 2187 8
269 2169 354 2197 Marc.
372 2177 454 2196 senza
472 2167 547 2195 ozihel
1009 2167 1030 2184 ‘³⁷
1051 2166 1104 2194 ΡΡ.
1121 2168 1269 2195 venustam

240 2216 251 2232 f'
272 2214 325 2241 ΡΡ.
345 2215 444 2241 omette
465 2214 542 2240 tectus
1008 2212 1031 2229 ²⁸
1050 2211 1104 2239 ΡΡ.
1125 2212 1293 2239 ‘anctoritate

229 2260 252 2279 ⁴⁰
272 2260 325 2287 ΡΡ.
345 2267 372 2286 se
393 2266 440 2292 per
460 2259 484 2284 te
1010 2256 1033 2274 Ἡ
1051 2256 1134 2284 Marc.
1155 2257 1224 2283 Mur.
1245 2257 1280 2283 dac
1295 2256 1408 2284 veniam

231 2305 250 2322 ¹¹
272 2303 342 2331 Mur.
364 2303 411 2335 feci
1007 2302 1030 2318 30
1048 2301 1103 2328 ΡΡ.
1118 2301 1187 2328 Mur.
1202 2308 1284 2329 senza
1304 2300 1341 2327 mi

231 2350 253 2366 ¹2
272 2349 326 2376 ΡΡ.
345 2357 432 2383 quam
452 2347 528 2374 illud
1007 2346 1027 2362 3¹
1049 2345 1104 2373 ΡΡ.
1125 2345 1249 2377 fratrem

231 2394 251 2411 ¹3
270 2393 353 2420 Marc.
374 2394 405 2419 ut
418 2392 531 2424 cerda&
553 2390 606 2418 ΡΡ.
626 2398 661 2418 ne
674 2389 761 2418 nimis
1004 2390 1027 2407 32
1048 2389 1135 2417 Marc.
1155 2390 1266 2416 tutatus
1278 2390 1319 2416 est

226 2440 245 2455 ¹¹
266 2437 319 2464 PP.
341 2445 439 2465 comm
452 2444 499 2470 per
517 2434 683 2470 corruperis
1001 2435 1024 2451 ³³³
1046 2433 1101 2460 ΡΡ.
1121 2434 1217 2468 aperte
1235 2441 1283 2468 per
1303 2433 1405 2467 opi-nor

228 2484 249 2499 ‘³’
270 2482 324 2509 ΡΡ.
346 2481 438 2514 faciat
1007 2478 1029 2495 3⁴
1050 2478 1134 2505 Marc.
1155 2486 1236 2505 senza
1248 2485 1278 2504 eo

229 2528 250 2543 ¹⁴³
270 2526 325 2554 ΡΡ.
344 2526 428 2553 Marc.
448 2533 507 2552 mm
1004 2524 1026 2540 ³⁵
1046 2523 1099 2550 ΡΡ.
1120 2532 1133 2550 0
1152 2523 1222 2550 Mur.
1243 2522 1350 2556 afferre

229 2572 251 2589 ¹7
270 2571 325 2598 ΡΡ.
345 2577 523 2605 Quemquam
1010 2568 1032 2585 55
1050 2567 1104 2595 ΡΡ.
1125 2567 1172 2594 ris
1193 2566 1299 2594 dudum

229 2616 250 2632 ¹⁸
268 2615 352 2642 Marc.
373 2614 426 2641 ΡΡ.
447 2613 557 2647 fzcerit;
587 2613 656 2641 Mur.
679 2613 737 2646 fuit
1004 2612 1025 2629 3⁷
1045 2611 1128 2638 Marc.
1146 2618 1243 2644 quana
1263 2609 1315 2637 ΡΡ.
1336 2618 1349 2637 e
1368 2609 1437 2638 Mur.
1458 2610 1541 2646 qnod

229 2660 251 2676 ¹³
268 2659 352 2687 Marc.
373 2658 446 2686 nihil
465 2657 545 2693 alme]
563 2665 608 2686 eos
623 2667 633 2691 ;
654 2657 708 2685 ΡΡ.
729 2657 804 2685 nihil
820 2656 902 2686 aliud
