1845 3076
765 176 903 200 EPISTOLE
1533 166 1590 196 115

73 267 203 305 paterer
223 262 373 303 quidem¹
402 261 486 302 quod
506 261 553 292 illi
582 260 659 292 nihil
674 261 685 278 ²
713 271 783 292 cum
804 260 898 291 laude
913 262 946 291 et
958 259 1072 290 litteris
1099 269 1262 290 commune
1275 259 1286 277 ⁸
1313 260 1361 290 sit.
1392 259 1427 290 In
1449 259 1590 300 principe

77 330 159 358 vero,
184 319 273 351 bonis
292 319 413 350 artibus
440 318 571 355 imbuto,
599 318 650 349 cui
669 318 710 348 sit
730 320 761 348 et
782 317 882 358 gloria
902 319 933 348 et
953 317 1053 348 virtus
1081 317 1114 347 in
1136 316 1267 356 praetio,
1295 327 1356 347 non
1378 326 1502 357 possum
1528 316 1590 347 ist-a

78 377 212 418 probare
228 376 247 408 ⁴.

156 433 218 465 Sed
238 436 269 465 et
290 433 428 464 Maronis
449 441 574 472 quoque
595 431 727 472 effigiem
747 431 907 462 substulit.
929 429 1020 468 Quid,
1041 440 1167 470 quaeso,
1192 431 1331 463 severius
1351 431 1383 461 in
1405 430 1591 463 defunctum

74 492 142 532 jam
161 489 375 522 Domitianum
396 489 604 520 animadverti
625 488 738 528 potuit,
761 498 856 528 quam
877 487 961 527 quod
982 487 1116 518 Senatus
1137 488 1266 524 censuit,
1288 491 1325 519 ut
1342 491 1477 526 statuae,
1499 498 1592 528 quae-

78 558 211 588 cumque
229 547 347 578 nomini
369 547 436 587 ejus
456 546 590 582 dicatae,
613 545 747 582 fuerant,
769 545 968 581 tollerentur,
990 547 1088 584 utque
1104 554 1142 575 ex
1163 544 1306 575 omnibus
1327 545 1460 585 publicis
1481 548 1512 577 et
1532 546 1593 586 pri-

77 605 159 636 vatis
177 604 252 636 locis
272 603 444 635 Domitiani
472 612 584 633 nomen
605 602 766 633 deleretur
780 603 798 633 ⁵.
821 603 871 633 An
893 601 1066 642 quidquam
1090 601 1240 642 Virgilius
1260 603 1306 632 ita
1328 602 1492 640 demeruit,
1507 603 1591 643 quod

77 661 134 693 illa
153 661 331 693 saevissima
351 660 468 698 bellua,
495 660 625 691 humani
647 659 768 700 generis
793 659 941 690 inimica?
972 659 1016 690 Ea
1036 658 1116 690 solet
1137 668 1201 690 esse
1227 659 1425 698 publicorum
1454 660 1592 691 hostium

78 728 189 759 poena,
209 718 266 755 uti,
286 721 356 758 post
377 717 564 757 supplicium
585 717 705 757 capitis,
726 727 745 747 a
766 727 830 756 qua
850 716 967 757 injuria
991 716 1058 756 jam
1078 718 1167 746 tutus
1188 718 1235 747 est
1254 716 1353 754 Maro,
1381 720 1507 748 statuae
1530 728 1591 749 mo-

80 777 294 815 numentaque
316 785 425 806 eorum
444 775 707 811 comminuantur,
735 776 772 804 ut
793 784 927 813 quorum
948 775 994 803 est
1014 773 1079 803 vita
1103 773 1176 812 jure
1197 773 1370 813 meritoque
1392 774 1527 811 sublata,
1549 775 1594 806 sic

79 842 187 864 eorum
206 842 331 872 quoque
352 834 422 871 post
442 834 575 862 mortem
595 831 636 862 sit
656 831 808 862 damnata
829 831 988 862 memoria.
1010 830 1142 870 Virgilio
1163 832 1271 861 autem
1292 831 1361 870 quis
1382 834 1429 862 cst
1450 832 1504 871 qui
1526 831 1590 862 tale

79 889 198 921 crimen
217 889 368 920 inurat?e
395 890 439 920 At
466 889 524 920 hoc
550 889 713 920 teterrimo
740 888 823 919 facto
844 888 1024 925 declarasti,
1051 892 1092 925 te,
1121 887 1231 919 Carole
1245 888 1265 924 ⁷,
1293 890 1324 918 et
1352 888 1384 918 id
1412 899 1545 928 quoque,
1567 889 1593 919 si

80 956 195 987 posses,
222 946 358 978 libenter
371 946 382 963 ⁸
410 946 578 982 facturum,
599 948 635 977 ut
654 945 796 976 divinum
816 945 896 976 illud
917 956 1028 985 poema
1049 945 1182 985 Virgilii,
1204 945 1287 985 quod
1308 948 1398 976 tanto
1413 946 1518 977 studio
1539 946 1595 977 mi-

79 1007 193 1035 rantur
207 1013 313 1034 omnes
327 1007 359 1035 et
379 1003 496 1040 colunt,
510 1003 549 1034 de
563 1003 714 1034 memoria
733 1003 895 1034 hominum
909 1013 1035 1043 prorsus
1056 1003 1190 1034 tolleres¹
1213 1004 1254 1033 At
1267 1012 1341 1034 vero
1355 1013 1416 1034 non
1438 1004 1482 1034 ita
1497 1004 1594 1045 sensit

80 1060 268 1092 Octavianus
288 1062 449 1101 Augustus
471 1060 655 1101 (aliquando
677 1060 718 1091 da
738 1061 876 1100 veniam)
898 1063 931 1091 et
950 1060 1093 1100 potentia
1120 1061 1221 1101 major
1241 1063 1273 1091 et
1294 1060 1401 1100 gloria,
1430 1071 1470 1091 ne
1490 1061 1593 1092 dicam

79 1118 206 1155 virtute,
235 1128 309 1148 nam
329 1118 485 1149 incertum
506 1121 553 1149 est
573 1118 612 1148 de
632 1117 811 1149 hominibus
838 1117 1054 1158 hujuscemodi
1079 1117 1243 1157 judicium,
1271 1118 1433 1157 Augustus
1453 1117 1594 1157 inquam,

79 1185 142 1207 non
161 1175 208 1206 ita
226 1175 332 1212 sensit,
353 1175 407 1206 sed
422 1178 588 1206 aeternum
608 1175 688 1206 illud
701 1185 787 1214 opus,
808 1175 973 1206 coelestem
994 1174 1145 1211 Aeneida,
1161 1184 1256 1214 quem
1276 1185 1347 1205 cum
1362 1174 1512 1214 Virgilius
1534 1185 1595 1206 mo—

77 1232 171 1270 riens,
192 1236 362 1272 propterea
381 1231 466 1272 quod
486 1232 695 1263 incorrectum
716 1232 891 1271 reliquerit,
921 1232 1055 1262 cremari
1079 1232 1229 1272 jussisset,
1249 1232 1275 1262 is
1296 1235 1328 1262 et
1347 1232 1471 1272 imperii
1491 1235 1597 1264 aucto-

79 1290 175 1321 ritate
197 1292 228 1320 et
249 1290 367 1330 ingenii
387 1289 505 1320 viribus
525 1290 634 1320 vetuit.
656 1289 774 1320 Extant
794 1288 877 1319 enim
891 1289 972 1320 tanti
992 1289 1142 1329 principis
1162 1299 1270 1320 versus
1286 1289 1432 1329 usquein
1454 1292 1594 1321 nostram

80 1346 273 1384 memoriam,
299 1356 370 1377 cum
391 1357 523 1386 magnae
551 1347 737 1377 literaturae
765 1349 833 1377 tum
855 1349 887 1377 et
907 1346 986 1377 recti
1010 1346 1122 1386 judicii
1142 1349 1247 1384 testes,
1275 1346 1390 1386 quibus
1416 1356 1596 1387 supremam

79 1404 167 1435 illam
195 1403 357 1435 morientis
385 1403 580 1434 voluntatem
607 1404 779 1444 abrogavit.
810 1403 878 1433 Nisi
902 1403 981 1434 forte
1001 1403 1034 1433 in
1054 1403 1114 1434 hac
1136 1413 1200 1434 una
1221 1413 1256 1434 re
1275 1404 1447 1435 imitandus
1474 1404 1535 1435 tibi
1555 1405 1597 1435 vi-

81 1461 205 1498 deatur,
226 1464 263 1491 ut
284 1460 550 1500 quemadmodum
570 1460 623 1492 ille
646 1461 826 1492 Ciceronem
846 1460 1003 1491 viventem
1023 1461 1125 1491 nescio
1147 1470 1189 1491 an
1216 1471 1254 1492 ex
1268 1461 1279 1477 ⁰
1305 1461 1401 1501 justis
1421 1462 1530 1499 causis,
1559 1464 1597 1492 tu

80 1518 248 1559 Virgilium
269 1520 439 1555 mortuum,
460 1519 526 1548 sine
546 1518 642 1558 digna
662 1518 794 1555 ratione,
814 1518 885 1549 odio
905 1518 1031 1556 habeas,
1053 1520 1094 1555 et,
1109 1520 1145 1548 ut
1166 1518 1219 1549 ille
1240 1528 1352 1558 passus
1373 1521 1420 1549 est
1437 1529 1456 1550 a
1471 1518 1596 1559 collegis

83 1576 264 1608 Ciceronem
284 1576 391 1613 occidi,
411 1579 448 1606 tu
469 1575 608 1606 Maronis
628 1578 777 1612 statuam,
800 1575 927 1615 quando
948 1575 1037 1606 aliud
1058 1585 1120 1606 non
1141 1578 1237 1615 potes,
1261 1575 1344 1606 dirui
1361 1576 1482 1616 jubeas.

160 1633 289 1673 Verum,
310 1635 346 1664 ut
366 1632 469 1669 audio,
491 1643 553 1664 non
567 1643 629 1664 uno
648 1632 739 1664 hoste
759 1635 934 1670 contentus,
955 1632 1051 1664 etiam
1067 1632 1248 1664 Ciceronem
1270 1633 1445 1664 maledictis
1466 1633 1595 1665 laceras.

83 1691 168 1722 Bene
189 1693 296 1721 actum
316 1701 387 1721 cum
407 1699 443 1721 eo
465 1693 522 1727 est,
544 1700 583 1721 ex
603 1689 795 1730 negligentia
815 1692 1010 1730 posterorum
1027 1690 1058 1727 ¹⁰,
1080 1690 1163 1730 quod
1184 1690 1305 1721 nullam
1325 1693 1466 1722 statuam
1487 1691 1519 1722 in
1537 1701 1598 1722 me—

83 1748 215 1780 moriam
229 1748 354 1779 habeat.
369 1747 390 1779 J
392 1757 443 1778 am
456 1747 539 1778 enim
553 1747 608 1787 qui
622 1747 781 1787 quondam
795 1747 901 1779 vivens
917 1747 1051 1778 violatus
1067 1750 1122 1785 est,
1137 1747 1308 1779 violentam
1322 1747 1454 1779 alterius
1468 1758 1598 1780 manum

82 1808 225 1837 mortuus
244 1805 385 1837 sentiret.
406 1804 478 1836 Non
497 1804 617 1835 invenit
631 1803 792 1844 VirgiliuS,
813 1806 850 1835 ut
864 1804 905 1836 ad
919 1814 991 1835 eum
1012 1804 1152 1842 redeam,
1174 1815 1276 1845 neque
1294 1805 1382 1836 vivus
1403 1816 1505 1845 neque
1520 1816 1599 1837 mor-

82 1866 167 1900 tum,
187 1862 243 1903 qui
261 1863 289 1894 ei
309 1861 472 1901 invideret,
493 1861 569 1901 quia
588 1864 679 1892 tanta
692 1861 740 1892 illi
761 1864 844 1893 esset
863 1862 981 1902 ingenii
994 1861 1039 1893 vis
1054 1864 1149 1902 atque
1170 1863 1367 1902 praestantia
1388 1863 1547 1901 orationis,
1561 1866 1598 1894 ut

83 1930 174 1952 nemo
194 1919 350 1960 attingere
371 1929 461 1959 posse
481 1918 652 1956 videretur,
671 1920 832 1950 mortuum
845 1919 900 1959 qui
921 1919 1036 1950 odisset
1057 1922 1127 1960 post
1141 1919 1243 1951 multa
1262 1920 1389 1951 saecula
1408 1920 1537 1952 invenit.
1559 1920 1599 1951 Et

85 1977 185 2009 solent
201 1977 329 2017 quidem
343 1986 414 2007 cum
428 1978 530 2007 morte
542 1978 611 2006 tum
631 1975 749 2007 invidia
769 1976 912 2016 livorque
926 1979 996 2007 tum
1016 1977 1152 2008 maxime
1166 1977 1273 2008 odium
1290 1976 1413 2015 cadere,
1427 1995 1465 1999 —
1480 1978 1598 2018 quique

84 2034 202 2066 viventi
222 2034 438 2071 detraxerant,
469 2035 593 2064 mortuo
623 2033 755 2074 gloriam
781 2033 867 2065 dare.
898 2033 990 2071 Huic,
1020 2033 1147 2074 quando
1162 2034 1288 2065 evicisse
1308 2034 1413 2066 omnia
1433 2034 1601 2074 splendore

95 2138 105 2155 ¹
125 2136 172 2165 Gr.
192 2136 225 2165 R.
245 2136 291 2164 ΒΥ.
311 2135 372 2163 ΡΜ.
392 2143 474 2163 senza
493 2134 513 2162 il
532 2135 647 2170 quidem
871 2136 883 2153 ⁶
901 2135 962 2164 PM.
982 2135 1136 2171 inanem&
1156 2135 1202 2164 ΒΥ.
1221 2135 1354 2172 imcerat3
1374 2135 1419 2164 Gr.
1439 2136 1541 2165 inm-at

95 2183 106 2199 ²
125 2180 171 2209 Gr.
191 2181 237 2208 ΒΥ.
257 2181 318 2208 ΡΜ.
339 2180 394 2207 ΡΡ.
413 2179 498 2214 quasi
515 2179 608 2214 πίῘιίῑς
636 2179 714 2207 Ram.
738 2180 823 2214 quasi
870 2181 881 2197 ⁷
900 2179 961 2208 Sch.
981 2181 1006 2208 te
1028 2178 1140 2214 Carole,
1160 2181 1185 2208 te
1206 2180 1325 2215 ideoque

120 2225 192 2261 ipsis
210 2224 302 2260 nilzil3
321 2224 382 2253 Sch.
400 2224 485 2259 quasi
503 2223 556 2252 illi.
576 2224 647 2252 Mur.
871 2224 882 2241 ⁸
901 2223 948 2252 Gr.
967 2232 1050 2251 senza
1067 2223 1188 2251 libenter

97 2272 109 2289 ³
127 2270 174 2298 Gr.
195 2269 280 2298 laude
298 2269 416 2297 caeteris
433 2276 583 2296 eomtmme
872 2269 883 2286 ⁹
900 2268 987 2296 Senza
1006 2268 1068 2296 l'et·
1087 2269 1132 2296 nei
1151 2268 1238 2296 codici

95 2316 107 2333 ⁴
123 2314 232 2342 Biondo
250 2314 292 2341 ita
305 2313 471 2348 approbare.
484 2312 711 2348 Punteggiatura
724 2312 824 2347 impos·
862 2313 884 2330 ¹⁰
903 2313 949 2340 Gr.
969 2312 1174 2340 Lacerandmn
1197 2313 1226 2340 in
1248 2322 1279 2341 co
1303 2314 1346 2341 est
1368 2321 1403 2342 ex
1426 2314 1603 2350 weyliqentia

121 2358 202 2387 sibile
889 2358 1042 2392 posterum

97 2405 108 2422 ⁵
126 2402 173 2432 Gr.
193 2402 291 2431 omette
310 2402 345 2429 da
363 2403 450 2437 utque
469 2400 497 2429 al
515 2401 602 2436 punto

157 2521 227 2550 Non
245 2521 271 2549 si
284 2529 411 2556 possano
430 2521 576 2555 ripertare
595 2520 622 2548 le
639 2518 771 2547 ulteriori
790 2518 919 2546 «variana
938 2518 967 2546 di
985 2520 1086 2553 questa
1103 2518 1222 2554 epistola
1235 2519 1351 2555 perche,
1368 2521 1537 2550 condensate
1553 2523 1602 2551 nei

87 2566 215 2601 maryini
228 2565 273 2594 del
291 2574 339 2593 ms.
354 2565 386 2592 rin
403 2566 544 2593 carattere
563 2563 626 2597 filio
646 2563 681 2590 ed
693 2572 711 2591 a
725 2562 808 2597 Iapis,
829 2571 885 2589 non
906 2570 975 2590 sono
993 2563 1044 2598 ρὶἱι
1064 2563 1095 2590 in
1111 2571 1186 2598 yram
1201 2566 1288 2598 parte
1308 2564 1440 2600 quyibili.
1464 2565 1527 2601 Chi,
1542 2575 1601 2594 non

85 2611 215 2638 contento
234 2609 310 2637 della
330 2609 438 2636 lenone
456 2608 583 2636 aclottata
603 2607 653 2635 dal
676 2606 783 2641 comm,
802 2607 907 2635 volesse
925 2607 990 2640 fare
1007 2607 1096 2635 nuoci
1114 2607 1203 2641 studi,
1219 2608 1303 2643 poti-a
1323 2609 1390 2638 hene
1410 2610 1552 2639 ricorrere
1569 2612 1599 2639 αἱ

88 2654 178 2683 codici
197 2663 211 2682 e
230 2654 259 2681 ai
280 2653 341 2681 testi
360 2653 438 2681 citati
456 2653 487 2681 in
500 2652 657 2687 principio.
