1845 3076
794 171 931 194 EPISTOLE
1559 162 1613 193 191

106 259 205 300 magis
227 258 388 299 apposite*
414 256 540 288 dicere?
564 255 639 294 Quis
670 255 865 295 elegantius²
894 254 978 286 bella
1011 254 1225 294 perscribere?
1250 253 1325 292 Quis
1350 263 1454 286 serere
1484 254 1615 294 pacem³

108 319 207 357 atque
220 317 253 347 in
268 315 437 347 amicitiam
450 315 459 331 ⁴
484 313 627 345 hortari?
642 312 716 350 Quis
729 312 888 343 deterrere
904 312 1004 351 magis
1018 312 1137 343 hostem
1154 311 1320 350 magnifica
1334 312 1476 343 oratione
1495 310 1617 351 queat?

104 373 141 405 In
166 384 230 414 qua
250 383 284 405 re
305 382 367 403 non
387 371 477 403 modo
498 370 698 411 prudentiam
720 379 873 400 summam
894 369 1027 400 Senatus
1047 369 1281 406 demonstravit,
1303 368 1387 409 quod
1406 369 1488 400 inter
1502 368 1613 400 doctis-

103 431 196 462 simos
216 429 537 470 prudentissimosque
558 427 706 464 homines,
726 427 840 466 quibus
861 425 1004 457 abundat
1026 426 1100 457 urbs
1116 426 1267 466 plurimis,
1282 435 1437 457 summum
1453 428 1484 457 te
1498 426 1611 457 m'erito

107 488 190 526 fecit,
210 487 265 518 sed
286 489 318 518 et
338 485 565 527 gratitudinem
586 484 763 516 maximam.
785 483 867 514 Nam
881 483 922 514 ab
943 483 1071 514 ineunte
1088 484 1154 524 jam
1169 493 1269 523 usque
1279 483 1445 523 juventute
1460 482 1615 523 quidquid

104 544 207 576 aetatis
226 546 332 575 aetum
356 545 403 575 est
424 545 517 579 retro,
538 542 570 573 id
591 551 680 573 omne
695 541 759 572 ·tibi
773 551 830 580 pro
843 543 906 572 tune
923 540 1113 580 Reipublicae
1128 540 1321 571 utilitatibus
1335 540 1539 580 absumptum
1555 542 1610 571 est.

108 601 239 632 Nullum
271 610 411 640 unquam
440 599 582 639 refugisti
610 598 758 636 laborem,
786 597 908 629 nullum
934 597 1056 628 evitasti
1085 597 1269 637 periculum,
1295 597 1419 628 nullum
1448 597 1615 637 quamvis⁵

103 658 317 699 longissimum
342 657 402 689 iter
433 656 606 688 extimuisti
618 656 638 693 ⁶,
660 655 742 696 quod
764 655 892 695 publica
911 655 995 685 salus
1016 654 1216 685 desideraret.
1244 654 1275 685 Si
1302 654 1523 694 trajiciendum
1554 654 1619 685 fuit

103 725 200 752 mare,
221 717 256 746 tu
278 714 451 755 navigasti;
473 714 520 744 sin
542 713 814 745 transmittendae⁷
836 712 923 752 alpes
946 715 1002 743 aut
1023 712 1073 743 via
1097 711 1164 743 ulla
1187 711 1320 742 difficilis
1343 710 1517 748 subeunda,
1531 710 1617 742 tibi'3

107 775 153 804 est
173 773 234 804 iter
254 782 344 804 omne
365 774 553 811 susceptum.
577 770 747 810 Nunquam
775 772 832 800 aut
859 769 960 800 imbre
987 769 1034 800 vel
1056 769 1164 807 ventis,
1186 778 1347 808 nunquam
1368 771 1446 800 aestu
1469 769 1538 800 nive
1558 770 1616 799 aut

104 830 272 870 frigoribus
292 830 380 869 quies
400 829 485 860 data.
508 828 669 868 Quidquid
688 826 824 867 denique
845 830 902 858 aut
922 827 1005 858 domi
1027 829 1083 857 aut
1104 826 1178 858 foris
1198 826 1354 866 agendum
1376 828 1454 864 erat,
1475 836 1611 866 quocum

106 887 196 918 labor
211 887 341 928 junctus
363 887 471 923 esset⁹‚
501 886 560 917 tibi
581 885 793 917 mandabatur
806 885 834 916 ¹⁰.
858 884 934 923 Quae
956 885 1040 915 omui
1061 884 1225 914 devotione
1242 885 1306 914 ate
1321 886 1474 923 suscepta,
1489 893 1618 914 summa

104 944 166 976 fide
187 944 352 982 custodita,
366 943 638 983 attentissimaque
654 953 730 973 cura
745 945 865 979 exacta,
880 942 928 973 vel
942 952 1065 982 semper
1078 941 1127 972 vel
1142 941 1312 981 plurimum
1327 942 1471 980 optatum
1490 940 1611 971 exitum

107 1002 219 1034 sortita
239 1004 313 1032 sunt
324 1002 354 1032 ¹¹.
376 1001 583 1040 Quamobrem
598 1000 686 1031 velut
697 1001 763 1040 jam
785 1000 861 1031 bene
877 1001 1043 1030 emeritum
1062 998 1193 1029 militem
1209 998 1267 1029 1106
1282 1001 1314 1029 16
1330 997 1430 1038 gradu
1444 998 1466 1014 ¹²
1480 997 1613 1028 Senatus

102 1059 240 1097 donavit,
262 1059 294 1090 111
316 1069 377 1099 quo
398 1059 448 1089 vel
469 1059 627 1099 quiescere
645 1058 711 1098 jam
732 1068 835 1095 senex,
857 1057 905 1088 vel
928 1057 1071 1088 laborare
1092 1059 1177 1087 certe
1198 1055 1230 1086 in
1251 1055 1330 1086 urbe
1344 1055 1489 1095 domique
1506 1054 1613 1094 possis.

102 1116 142 1147 Et
164 1126 239 1148 sane
260 1116 447 1156 praeclarum
468 1126 583 1147 munus
603 1118 660 1152 est,
680 1115 727 1146 ita
748 1115 786 1145 de
808 1125 965 1154 quoquam
978 1114 998 1131 ¹³
1016 1114 1170 1154 judicium
1184 1113 1263 1150 fieri,
1280 1116 1315 1143 ut
1330 1123 1442 1153 magna
1463 1111 1509 1142 illi
1529 1121 1616 1143 curae

102 1173 235 1214 publicae
258 1183 329 1213 pars
351 1174 574 1210 committatur,
596 1173 715 1213 insigne
737 1172 864 1209 donum,
886 1174 922 1203 ut
941 1174 1061 1202 secreta
1082 1171 1186 1202 omnia
1208 1174 1240 1201 et
1263 1170 1411 1210 privatim
1433 1173 1464 1200 et
1484 1169 1610 1208 publice

101 1231 156 1262 uni
178 1231 376 1262 mandentur.
402 1230 461 1261 Sed
490 1231 588 1261 multo
616 1230 797 1270 praeclarius
823 1232 919 1269 atque
945 1228 1093 1269 insignius
1120 1231 1176 1265 est,
1204 1238 1277 1259 eum
1305 1238 1399 1267 quem
1428 1237 1494 1258 esse
1507 1226 1537 1264 ¹⁴,
1560 1227 1611 1258 cui

97 1288 242 1319 mandari
261 1288 477 1328 committique
498 1288 603 1319 omnia
623 1287 770 1325 debeant,
784 1297 820 1317 ac
833 1287 872 1317 de
888 1297 949 1326 quo
960 1285 1097 1326 judicari
1117 1285 1163 1316 ita
1184 1295 1255 1316 vere
1277 1285 1382 1325 possit.
1405 1284 1474 1315 Tibi
1495 1285 1578 1314 enim
1593 1284 1614 1301 ¹⁵

99 1345 237 1385 quidem,
258 1345 342 1385 quod
355 1346 376 1362 111
397 1356 415 1376 a
438 1345 590 1384 principio
611 1345 682 1376 urbi
704 1347 766 1375 tuae
788 1344 857 1380 feei,
880 1343 1089 1384 congratulor.
1110 1342 1236 1373 Homini
1256 1352 1394 1382 namque
1418 1341 1552 1381 sapienti
1583 1343 1614 1372 et

99 1403 222 1434 erudito
243 1403 318 1442 quid
341 1405 387 1433 est
407 1403 440 1432 in
462 1402 527 1433 vita
547 1404 663 1442 praeter
684 1401 832 1433 virtutem
854 1411 891 1431 ae
916 1401 1092 1431 doctrinam
1114 1400 1197 1440 quod
1218 1399 1284 1439 ipse
1304 1398 1506 1439 inagnifaciat
1518 1399 1538 1415 ¹⁷
1555 1400 1619 1429 aut

101 1459 420 1500 magnifacieiidum¹⁸
440 1459 552 1499 putet?
574 1458 662 1498 Quod
679 1459 700 1476 ¹⁹
720 1461 786 1489 tam
807 1458 1006 1497 amplissimae
1033 1457 1130 1494 urbis,
1158 1460 1225 1488 tam
1246 1456 1403 1496 opulentae
1425 1455 1618 1495 reipublicae

101 1516 308 1548 cancellarius
329 1517 432 1548 dictus
453 1527 484 1547 es
496 1517 528 1553 ²⁷⁰,
553 1516 630 1556 quid
644 1516 703 1547 tibi
717 1515 856 1553 accessit,
871 1515 954 1546 unde
969 1515 1068 1555 major
1084 1516 1140 1545 aut
1154 1513 1370 1545 admirabilior
1386 1512 1487 1544 esses?
1502 1512 1615 1543 Mirari

104 1575 194 1606 decet
206 1575 227 1592 11
249 1575 382 1606 virtutes
402 1577 483 1613 tuas,
505 1574 615 1605 mirari
635 1574 805 1614 ingenium,
827 1573 936 1604 mirari
962 1572 1145 1609 doctrinam,
1168 1571 1273 1611 eisque
1298 1582 1361 1602 non
1388 1571 1421 1601 in
1449 1570 1616 1610 praesentia

101 1632 192 1664 modo
213 1632 268 1664 sed
290 1634 322 1663 et
342 1632 425 1663 omni
446 1634 587 1671 tempore
607 1630 891 1671 congratulandum
912 1640 991 1661 reor.
1014 1629 1089 1660 Η122
1111 1629 1267 1669 siquidem
1288 1629 1346 1659 viri
1371 1628 1454 1659 vel²³
1482 1628 1548 1658 sine
1574 1626 1618 1658 di-

104 1689 224 1730 gnitate
246 1689 367 1720 colendi
388 1689 505 1726 81111121,
526 1688 573 1719 his
598 1688 697 1719 veluti
721 1688 855 1719 terrenis
866 1688 888 1705 ²⁵
911 1687 979 1719 Diis
1007 1687 1241 1718 concedendum
1267 1686 1323 1726 qui
1351 1686 1430 1716 vitas
1455 1684 1617 1716 hominum

104 1746 226 1778 ratione
248 1746 437 1786 consilioque
459 1746 661 1778 moderentur
673 1746 703 1776 ²⁰.
726 1745 794 1776 Nisi
819 1745 897 1776 illud
924 1745 1053 1776 sortasse
1081 1755 1229 1785 magnum
1258 1743 1425 1774 dicendum
1452 1743 1502 1779 sit,
1530 1741 1617 1782 quod

103 1804 213 1844 utique
234 1806 266 1835 et
287 1814 436 1844 magnum
458 1806 504 1834 est
524 1806 555 1834 et
575 1803 817 1834 desiderandum
837 1813 960 1842 semper
971 1803 1003 1839 2⁷,
1025 1802 1094 1835 dari
1115 1804 1301 1841 potestatem
1323 1800 1449 1840 optimis
1468 1800 1552 1836 viris,
1573 1801 1609 1830 ut

98 1860 323 1893 administrare
344 1861 485 1901 publicas
496 1861 519 1878 ‘²⁸
539 1871 589 1892 res
610 1861 731 1901 possint
751 1863 782 1891 et
804 1870 875 1891 cum
897 1860 1047 1891 universis
1068 1862 1137 1890 tum
1158 1858 1288 1899 singulis
1307 1857 1461 1898 prodesse.
1483 1856 1608 1897 Optime

111 1938 119 1954 ¹
140 1936 200 1964 PM.
221 1936 369 1972 appositae
878 1938 899 1954 ¹⁵
918 1936 972 1963 Cic.
992 1935 1021 1963 111
1042 1935 1166 1971 margine
1186 1943 1253 1969 erqo

108 1982 119 1999 ²
138 1981 192 2008 Cic.
213 1983 239 2008 ct
256 1982 320 2016 quis
340 1981 497 2016 elefflmtizcs
876 1981 896 1998 ¹⁶
916 1981 961 2007 ΒΓ.
982 1980 1042 2008 PM.
1062 1980 1139 2007 enim
1158 1978 1228 2013 qnid
1249 1978 1332 2013 quod.
1359 1977 1412 2006 Cic.
1433 1977 1511 2005 enim
1535 1976 1617 2012 quisl-

108 2027 119 2043 ³
140 2025 192 2052 ΡΡ.
207 2027 322 2060 partem
909 2025 981 2059 qnid
998 2034 1016 2052 (ι

110 2070 120 2088 ⁴
139 2070 216 2097 Ram.
236 2070 363 2098 amicicia
876 2071 897 2088 ¹⁷
918 2070 971 2097 ΡΡ.
992 2068 1163 2104 maqm'ftcat

108 2116 120 2133 ⁵
139 2115 193 2142 ΡΡ.
213 2115 333 2150 Quodvis
877 2115 898 2131 ¹⁸
918 2113 971 2142 ΡΡ.
991 2112 1250 2148 magmificiemlum

108 2161 120 2177 ⁶
140 2159 194 2187 ΡΡ.
213 2160 357 2187 extimastis
878 2159 899 2176 ¹⁹
917 2158 970 2186 Nei
990 2157 1075 2185 codici
1095 2157 1179 2185 enlm.
1200 2156 1255 2184 Cic.
1276 2156 1305 2183 in
1328 2155 1452 2191 margine
1476 2156 1574 2182 01116116
1592 2153 1622 2182 la

107 2205 119 2221 ⁷
137 2203 191 2232 Cic.
212 2203 241 2232 in
260 2203 400 2239 margine:
421 2204 665 2239 transmigrrandoe
911 2203 1007 2237 parola

108 2250 120 2266 ⁸
140 2249 194 2277 ΡΡ.
213 2249 265 2276 due
285 2249 357 2278 volte
376 2249 426 2277 tibi
872 2248 895 2266 20
914 2247 969 2276 Cic.
989 2247 1081 2275 dictus
1102 2247 1150 2274 est.
1170 2246 1205 2273 In
1225 2244 1348 2281 margine
1367 2244 1415 2273 sis.
1439 2243 1521 2280 Quod

108 2294 120 2311 '³
138 2293 216 2321 Ram.
242 2293 324 2321 labor
347 2293 440 2321 virtus
458 2295 535 2322 esset.
561 2292 617 2321 Cio.
642 2293 671 2321 in
698 2293 839 2330 margine:
875 2293 897 2310 ²¹
918 2292 972 2319 Cic.
991 2299 1072 2324 esses,
1092 2291 1195 2319 mirari

133 2337 212 2373 quod
229 2346 294 2366 cum
312 2337 412 2366 labore
425 2338 565 2372 junctum
879 2338 903 2355 2⁸
922 2337 978 2365 ΡΡ.
998 2335 1052 2364 Hit

99 2382 123 2400 ¹⁰
141 2381 209 2410 Reff.
228 2382 459 2410 demandabatur
879 2382 902 2399 2³
921 2381 975 2415 vel,
994 2380 1100 2415 perfino

103 2427 124 2444 ¹¹
144 2426 200 2454 ΡΡ.
220 2426 286 2454 sint.
306 2426 362 2455 Cic.
381 2429 440 2460 est‚·
459 2427 488 2454 in
508 2427 634 2462 margine
652 2429 722 2455 sunt
879 2427 901 2444 ²⁴
921 2426 976 2455 ΡΡ.
996 2426 1096 2453 omette
1115 2424 1227 2453 colendi
1245 2425 1315 2452 sunt

102 2471 126 2489 ¹²
143 2470 220 2500 Ram.
238 2471 349 2506 aradus
877 2471 900 2488 2⁵
919 2469 974 2498 Cic.
996 2481 1009 2493 κ
1025 2469 1150 2497 temnm's
1165 2469 1229 2504 (sie)
1245 2480 1269 2496 ».

102 2516 124 2533 ¹³
143 2514 176 2542 de
193 2523 347 2552 quoquam,
366 2515 393 2543 di
412 2515 513 2544 alcimo
877 2516 900 2533 ’111
919 2513 974 2542 Cic.
993 2513 1183 2542 moderantur

100 2559 123 2577 ¹⁴
142 2559 186 2587 ΒΥ.
207 2560 285 2588 Ram.
305 2560 359 2588 Cic.
379 2560 442 2590 PM.
460 2568 526 2588 eum
548 2569 632 2596 quem
655 2568 721 2588 esse.
743 2560 765 2587 Ε
788 2563 842 2595 puo
877 2561 901 2577 ²⁷
919 2558 973 2587 Cic.
993 2557 1225 2592 desiderandum,
1243 2565 1354 2592 semper

137 2605 220 2640 stare,
239 2604 356 2632 valendo
374 2605 441 2640 quis
460 2604 547 2633 anche
560 2613 609 2640 per
621 2612 751 2640 pronome
768 2604 843 2633 inde-
878 2605 901 2622 ²⁸
922 2603 976 2631 ΡΡ.
989 2602 1108 2638 publice
1132 2602 1178 2630 ΒΓ.
1200 2610 1253 2636 pu.
1273 2601 1328 2630 Cic.
1351 2603 1460 2637 omette,
1477 2600 1622 2629 lasciando

135 2647 223 2676 finito.
243 2648 304 2677 PM.
322 2648 436 2684 quidem
911 2647 1003 2683 spazio
1021 2647 1051 2675 in
1071 2647 1186 2683 bian003
1206 2646 1236 2674 in
1255 2646 1380 2682 margine
1398 2654 1525 2675 summas
