1845 3076
745 177 884 202 EPISTOLE
1518 176 1574 207 143

765 336 872 368 XCVI.

671 427 708 459 N.
740 428 777 460 N.
804 428 832 460 S.
862 428 896 461 P.
924 429 961 461 D.

734 502 762 534 S.
782 503 802 534 l.
827 503 911 534 1400.

428 576 496 612 (Br.
509 585 541 612 p.
559 577 598 605 61
618 579 656 611 t.,·
676 594 708 597 —
730 578 802 606 PM.
822 586 844 606 c.
864 579 943 613 12-1;
964 595 996 598 —
1017 579 1080 608 PP.
1100 589 1128 609 n.
1147 581 1208 616 65.)

140 664 253 696 Petrus
282 664 501 696 Montanarius
528 675 622 705 quem
649 665 740 703 nosti,
766 666 814 696 vir
841 666 968 706 quidem
994 667 1173 706 illiteratus,
1201 670 1257 701 sed
1278 670 1358 701 acris
1385 670 1512 710 ingenii,
1539 681 1577 703 ac

58 731 192 763 magnae
218 721 395 759 facundiae,
424 732 462 754 ac
482 733 544 753 non
565 723 693 754 minoris
721 723 883 761 audaciae,
911 724 966 764 qui
986 732 1049 756 non
1070 725 1268 757 erubesceret
1288 727 1385 758 cuivis
1412 738 1520 759 verum
1541 729 1575 758 in

60 779 163 811 fronte
177 779 291 817 dicere,
305 779 448 819 pauculis
469 780 628 820 quondam
648 780 750 812 verbis
765 780 989 821 loquacitatem
1002 792 1115 820 meam,
1131 793 1196 823 qua
1212 783 1343 815 nimium
1356 785 1364 801 ¹
1379 784 1574 825 plerumque,

57 847 96 869 ac
116 836 200 868 inter
219 836 402 868 domesticos
421 838 566 874 maxime,
588 837 750 869 abundare
771 838 864 876 soleo,
886 849 949 870 non
964 839 1120 870 inurbane
1141 840 1287 872 coercuit.
1308 841 1362 872 Est
1383 842 1519 882 quidem,
1538 846 1573 874 ut

58 894 136 926 mihi.
155 894 290 932 videtur,
310 894 343 925 in
362 894 480 926 talibus
498 895 574 926 viris
595 897 626 926 et
646 895 779 926 indoctis
805 895 981 934 literarum,
1009 897 1062 936 qui
1085 900 1141 928 aut
1161 907 1219 928 sua
1240 898 1397 938 gravitate
1417 902 1475 930 aut
1495 910 1574 931 com-

56 951 145 983 muni
163 951 291 982 licentia
306 961 367 983 non
382 955 531 982 verentur
551 952 658 992 palam
673 962 816 992 arguere,
837 952 939 984 multa
953 953 1089 985 efficacia
1109 954 1272 994 multaque
1289 955 1334 987 vis
1349 956 1574 987 mutandorum

58 1009 100 1041 ad
120 1008 232 1040 melius
252 1009 438 1040 animorum.
459 1008 569 1049 Neque
591 1009 675 1040 enim
695 1009 796 1041 solum
817 1009 936 1041 literati
964 1010 1206 1052 sapientesque²
1233 1012 1447 1044 moderatores
1468 1014 1574 1051 vitae;

58 1065 135 1106 quin
155 1066 218 1097 imo
238 1066 451 1105 complurimis
465 1067 475 1083 ³
502 1066 616 1098 litteris
636 1077 791 1098 summam
817 1077 911 1107 saepe
933 1067 1123 1099 dementiam
1146 1071 1177 1099 et
1198 1069 1422 1101 obscenitatem
1449 1081 1574 1102 morum

57 1122 207 1154 videmus.
230 1123 260 1154 Is
279 1123 385 1163 igitur,
414 1134 507 1164 quem
527 1123 601 1163 dixi,
622 1126 659 1154 ut
679 1124 720 1155 ad
742 1134 808 1156 rem
829 1124 962 1162 veniam,
991 1126 1048 1156 etsi
1068 1126 1318 1166 praecipitanter
1339 1130 1370 1158 et
1390 1128 1572 1159 inaccurate

56 1180 213 1211 monuerit
227 1180 247 1218 ⁴,
268 1190 361 1220 opere
382 1181 541 1220 praetium
563 1183 609 1212 est
629 1183 736 1213 tamen
758 1182 825 1222 ejus
846 1181 953 1213 dicta5
974 1206 1098 1214 .....
1122 1183 1224 1223 (deest
1244 1183 1277 1214 in
1301 1183 1426 1224 Codice)
1451 1209 1572 1216 .....

2 1243 6 1251 ’
55 1237 146 1278 cujus
159 1237 276 1269 multas
290 1237 406 1269 similes
425 1239 597 1269 sententias
612 1239 792 1270 memoriter
806 1239 910 1270 habes,
927 1238 1014 1277 Quae
1029 1239 1165 1279 quidem,
1185 1243 1222 1271 ut
1235 1241 1328 1278 nosti,
1345 1241 1432 1281 lonye
1447 1243 1574 1274 suarius

54 1298 235 1327 resomcrent
247 1296 276 1326 si
288 1295 454 1336 etmolyari
472 1296 616 1327 idiomate
631 1296 643 1312 ὅ
663 1298 695 1327 et
715 1296 755 1327 ab
778 1299 906 1327 auctore
927 1307 983 1328 suo
997 1296 1187 1328 dicerentur.
1211 1297 1289 1328 Cum
1304 1298 1385 1328 enim
1401 1302 1475 1330 ante
1497 1299 1575 1330 duos

57 1361 163 1391 annos,
185 1362 279 1384 causa
299 1351 502 1393 effugiendae
516 1353 620 1392 pestis
640 1363 722 1393 quae
743 1356 820 1384 tunc
842 1353 1000 1385 Bononiae
1024 1354 1227 1385 vehementer
1250 1355 1433 1391 inoleverat,
1456 1355 1573 1387 Faven-

55 1409 135 1440 tiam
156 1410 349 1447 accesserim,
370 1420 406 1441 eo
426 1410 493 1450 ipse
515 1410 566 1441 die
587 1420 649 1441 non
669 1410 806 1441 multum
827 1413 905 1450 post,
927 1411 1065 1442 fortassis
1085 1422 1124 1442 ex
1147 1411 1255 1443 eadem
1276 1422 1382 1450 causa,
1403 1412 1515 1443 Petrus
1537 1423 1572 1444 eo

55 1466 150 1506 venit,
172 1467 182 1483 ⁷
196 1469 228 1498 et
251 1466 284 1497 in
308 1467 486 1507 hospitium,
509 1468 542 1498 in
567 1478 629 1507 quo
654 1478 749 1506 eram,
764 1467 941 1499 declinavit.
968 1467 1066 1507 Quem
1088 1479 1159 1499 cum
1180 1468 1335 1505 vidissem,
1350 1472 1382 1500 et
1397 1470 1523 1501 videndi
1540 1473 1572 1502 et

55 1523 206 1564 loquendi
218 1524 338 1562 avidus,
351 1524 409 1555 etsi
424 1526 531 1556 tamen
542 1535 605 1556 non
615 1524 750 1556 multum
764 1524 938 1563 familiaris,
954 1536 1026 1556 eum
1042 1526 1241 1557 familiariter
1254 1526 1405 1563 salutavi3
1418 1528 1572 1567 caepique

53 1581 269 1614 abundantius
289 1582 473 1624 perquirere
488 1582 526 1613 de
541 1582 722 1613 valetudine
736 1592 802 1620 sua,
818 1585 850 1613 et
864 1582 1066 1620 successibus,
1089 1586 1121 1614 et
1132 1583 1142 1600 ⁸
1164 1593 1303 1623 quanam
1324 1593 1418 1614 causa
1440 1595 1475 1615 eo
1491 1595 1569 1616 com-

40 1639 235 1680 pelleretur.
262 1639 332 1679 Ipse
352 1650 401 1671 me
428 1640 555 1671 intuens
582 1639 718 1680 graviori
746 1640 981 1680 aliquantulum
1002 1640 1183 1680 supercilio:
1213 1640 1287 1681 Ego,
1314 1641 1426 1681 inquit,
1454 1645 1569 1679 tecum,

54 1697 163 1734 amice,
176 1707 233 1737 per
246 1698 348 1728 totum
366 1697 475 1728 orbem
494 1697 723 1738 peregrinarer,
737 1707 838 1737 neque
855 1708 997 1737 unquam
1011 1698 1088 1728 mihi
1103 1707 1198 1729 curae
1213 1700 1293 1729 esset
1314 1698 1401 1729 aliud
1416 1698 1455 1730 de
1468 1699 1571 1731 animo

53 1755 109 1786 tuo
129 1754 265 1792 sentire3
293 1753 326 1785 id
345 1754 446 1785 solum
473 1754 583 1786 audire
604 1754 698 1786 velim
720 1754 804 1794 quod
830 1757 940 1794 sponte
966 1755 1096 1786 diceres.
1125 1754 1172 1785 Tu
1193 1765 1266 1786 vero
1287 1766 1336 1786 me
1358 1766 1442 1787 nunc
1469 1756 1570 1796 primo

53 1812 240 1850 venientem,
261 1814 292 1843 et
313 1812 364 1843 vix
384 1812 464 1843 bene
484 1811 629 1852 positum,
650 1811 788 1849 adortus
809 1822 891 1852 quae
911 1822 1006 1843 causa
1026 1812 1088 1843 huc
1108 1815 1221 1853 urgeat
1241 1813 1466 1852 percunctaris,
1487 1813 1571 1844 inur-

53 1869 136 1902 bane
153 1869 289 1910 quidem.
310 1869 420 1909 Neque
436 1869 503 1906 hoc,
526 1873 562 1900 ut
583 1871 669 1909 puto,
684 1879 721 1900 ex
736 1869 797 1900 tuis
817 1869 916 1900 literis
937 1869 1091 1906 didicisti3
1113 1869 1146 1900 in
1159 1870 1349 1900 commodius
1369 1873 1493 1910 tempus
1511 1871 1572 1902 ista

51 1926 220 1967 relinquas.
243 1926 354 1966 Sospes
370 1927 496 1966 quidem
518 1926 619 1964 valeo,
641 1927 699 1957 hoc
712 1930 743 1957 te
760 1937 843 1957 nunc
857 1937 947 1958 nosce
962 1927 1038 1958 satis
1053 1929 1109 1957 est.
1129 1927 1186 1958 His
1203 1937 1258 1967 ego
1273 1927 1428 1964 confusus,
1445 1927 1571 1967 parcius

51 1984 164 2016 deinde
184 1984 452 2024 verecundiusque
473 1983 604 2023 locutus,
626 1984 706 2014 nihil
723 1994 785 2024 quo
805 1984 922 2015 moveri
942 1987 1046 2024 posset
1067 1984 1209 2015 excidere
1221 1984 1232 2001 ⁹
1251 1985 1387 2024 permisi.
1409 1985 1523 2015 Itidem
1537 1987 1569 2016 te

50 2043 154 2075 verbis
173 2043 249 2074 meis
277 2052 459 2083 oppressum
487 2042 591 2074 dicere
620 2042 771 2079 existimo,
800 2042 847 2072 vir
872 2042 998 2082 optime,
1026 2042 1082 2081 qui
1109 2042 1219 2074 crebro
1241 2052 1261 2072 a
1281 2052 1340 2079 me,
1368 2040 1570 2073 affectiomun

51 2100 189 2138 mmoias,
212 2100 394 2131 amicabiles
413 2099 522 2131 literas
542 2099 670 2136 habeas,
692 2109 774 2139 quae
794 2099 933 2130 fortassis
953 2099 1115 2130 inimicum
1130 2102 1186 2130 aut
1200 2109 1313 2139 parum
1335 2100 1495 2139 cognitum
1511 2109 1569 2130 sua

51 2158 244 2198 loquacitate
264 2157 422 2189 offendere
443 2158 605 2195 deberent,
627 2157 763 2188 amicum
783 2159 890 2188 autem
909 2167 973 2188 non
986 2156 1185 2188 mediocriter
1206 2156 1374 2187 delectare.
1398 2156 1463 2186 Etsi
1481 2156 1566 2187 enim

51 2215 281 2253 Montanarius,
302 2215 354 2246 cui
373 2215 508 2246 multam
529 2215 616 2246 dedit
635 2217 752 2245 natura
773 2213 953 2245 facundiam
975 2216 1007 2245 et
1027 2214 1131 2254 opinio
1152 2214 1313 2245 hominum
1335 2213 1567 2251 auctoritatem,

52 2283 103 2305 me
116 2273 154 2304 de
169 2273 338 2304 temeraria
358 2273 552 2313 loquacitate
565 2282 628 2304 non
643 2271 761 2312 injuria
780 2271 1029 2312 reprehenderit,
1042 2273 1079 2302 tu
1094 2274 1202 2303 tamen
1215 2271 1247 2302 id
1265 2271 1339 2312 jure
1351 2271 1372 2288 ¹⁰
1393 2281 1456 2302 non
1470 2273 1567 2311 potes.

61 2434 72 2451 ¹
90 2432 145 2462 PP.
163 2432 287 2461 nimiam
838 2433 849 2450 ⁶
868 2431 923 2460 PP.
944 2431 1044 2460 omette

60 2478 73 2496 ²
90 2476 153 2505 Scil.
173 2477 242 2504 sum}
839 2478 850 2495 ⁷
869 2476 924 2505 PP.
943 2475 988 2503 nit
1006 2483 1019 2502 e
1038 2473 1180 2511 aggiunge
1198 2475 1239 2503 sic

59 2522 72 2540 ³
89 2521 144 2550 PP.
162 2521 317 2557 compluris
836 2521 848 2538 8
866 2520 919 2548 Nei
939 2519 1025 2548 codici
1045 2526 1151 2547 omcsso

59 2565 72 2584 ⁴
91 2565 145 2595 PP.
164 2566 311 2594 monueris
839 2566 850 2583 ⁹
869 2564 924 2594 PP.
945 2564 1079 2593 excudere

61 2611 76 2628 ⁵
89 2609 173 2638 Forse
190 2618 356 2639 memorare.
371 2611 462 2639 mente
474 2611 607 2645 repetere.
621 2608 674 2643 Qui
683 2609 731 2645 piu
744 2617 791 2645 pa·
828 2611 850 2628 ¹⁰
868 2609 923 2638 PP.
941 2609 1020 2643 ferre

82 2653 140 2681 role
159 2661 228 2682 sono
248 2661 351 2682 omesse
