1845 3076
229 158 287 190 156
858 164 883 186 P.
904 164 928 186 P.
951 163 1097 186 VERGERIO

959 322 1007 353 CI.

666 414 993 447 OLDROVANDINO
1016 414 1069 445 DE
1090 414 1297 445 FERRARIA

938 489 966 520 S.
989 489 1017 520 d.

596 567 661 601 (Br.
674 575 707 602 1).
725 566 764 593 30
779 567 816 598 ι,,-
837 581 869 584 -
890 564 960 592 PM.
979 573 1001 592 c.
1021 564 1057 592 95
1069 573 1078 598 ‚·
1100 580 1130 583 —
1150 564 1213 592 PP.
1233 573 1261 593 n.
1281 565 1361 599 130.)

305 657 409 688 Pridie
430 656 656 695 Cristophorus,
678 664 756 694 puer
777 657 859 691 tuus,
880 663 936 693 per
956 656 1079 683 noctem
1101 652 1185 691 apud
1200 662 1249 683 me
1265 652 1334 683 fuit.
1356 652 1494 684 Litteras
1514 655 1584 683 tuas
1606 655 1638 683 et
1652 662 1737 683 man-

223 717 310 752 data,
343 725 423 755 quae
452 714 621 750 detulerat,
653 713 805 752 exposuit.
836 711 884 742 Ab
914 722 948 742 eo
979 711 1159 751 sospitatem
1191 713 1289 747 tuam,
1319 710 1511 742 conditiones
1541 709 1736 747 domesticas,

224 783 393 813 rerumque
420 772 558 803 omnium
586 774 715 807 statum,
745 773 776 801 et
796 769 949 809 quidquid
979 772 1142 800 strenuum
1169 768 1247 799 scire
1268 768 1454 799 familiarem
1481 768 1570 799 decet
1598 767 1732 807 cognovi.

226 831 334 862 Dulcis
355 830 431 861 mihi
453 829 532 860 fuit¹
555 829 581 859 is
601 839 711 866 sermo,
729 827 933 868 jucundaque
955 826 1130 857 recordatio
1141 827 1161 864 ²,
1184 826 1331 866 quoniam
1342 826 1363 863 ³,
1382 835 1528 866 prospere
1549 835 1613 856 sese
1633 825 1738 857 omnia

224 889 388 920 haberent.
406 887 488 918 Illud
501 886 772 927 jucundissimum.
788 885 871 924 quod
884 887 974 915 tanto
989 884 1143 915 desiderio
1160 886 1314 923 expectas.
1329 886 1365 914 ut
1379 894 1442 914 una
1455 883 1561 920 simus,
1577 883 1738 922 vitamque

225 950 364 978 nostram
379 956 440 976 una
453 945 671 984 transigamus.
695 943 783 981 Quod
799 946 832 974 et
854 942 932 972 mihi
954 941 1106 981 imprimis
1121 944 1176 978 est,
1192 952 1229 972 ac
1249 940 1429 981 propediem
1451 943 1634 971 eventurum
1652 940 1741 972 nobis

225 1015 324 1044 spero.
347 1003 417 1034 Non
438 1002 521 1033 enim
542 1002 574 1032 hi
595 1011 710 1037 sumus,
738 1000 802 1040 qui,
831 1010 927 1039 quum
948 999 1002 1029 diu
1024 999 1223 1038 multumque
1252 998 1507 1034 desideraverint,
1536 998 1631 1028 biduo
1645 997 1654 1014 ⁴
1683 999 1739 1028 aut

224 1062 266 1094 ad
287 1071 442 1092 summum
464 1059 570 1090 triduo
592 1059 623 1089 in
645 1058 742 1089 animi
762 1057 810 1088 sui
832 1057 951 1088 deliciis
972 1056 1121 1093 habeant,
1142 1074 1179 1078 —
1201 1058 1367 1096 praeterea
1386 1055 1496 1086 abesse
1517 1055 1586 1086 illos
1601 1055 1611 1072 ⁵
1631 1054 1740 1094 procul

223 1119 362 1159 cupiant.
386 1117 475 1155 Quod
495 1117 622 1157 quidem
643 1118 674 1147 et
694 1115 841 1146 facilioris
861 1114 1001 1154 ingenii⁶
1022 1116 1054 1144 et
1074 1113 1219 1144 infirmae
1239 1113 1476 1144 benevolentiae
1496 1111 1741 1153 argumentum⁷

226 1179 281 1208 est.
305 1175 438 1207 Nostrae
458 1175 483 1205 si
507 1174 585 1214 quid
611 1173 706 1214 adjici
720 1173 730 1190 ⁸
758 1172 875 1212 poterit
901 1172 1068 1208 amicitiae,
1099 1171 1125 1201 si
1154 1181 1218 1211 qua
1239 1181 1277 1202 ex
1292 1171 1302 1187 ⁰
1330 1170 1468 1202 honestis
1489 1170 1599 1201 studiis
1620 1169 1742 1210 captari

225 1234 369 1273 voluptas
390 1232 516 1272 poterit,
539 1231 630 1263 facile
651 1231 755 1262 omnia
776 1240 814 1261 ex
835 1230 991 1261 communi
1012 1228 1275 1268 commensalique
1288 1229 1310 1245 ¹⁰
1330 1229 1395 1259 vita
1417 1227 1642 1268 propemodum
1662 1236 1741 1258 asse-

226 1301 369 1332 quemur.
393 1290 438 1321 De
454 1290 501 1320 his
515 1289 661 1320 omnibus
676 1291 709 1319 et
722 1288 912 1319 desiderium
928 1289 959 1318 et
976 1286 1132 1327 judicium
1153 1296 1258 1317 meum
1271 1285 1484 1325 superioribus
1505 1284 1619 1316 litteris
1634 1284 1738 1316 habea

226 1349 405 1385 Caeterum,
428 1357 467 1378 ne
488 1356 537 1377 me
557 1345 727 1386 perlusoris
743 1346 762 1362 ¹¹
783 1345 997 1376 immemorem
1012 1344 1033 1361 ¹2
1054 1343 1220 1380 exjstimes,
1241 1353 1280 1374 ne
1300 1353 1339 1374 ne
1356 1343 1377 1360 ¹³
1397 1342 1456 1374 tibi
1481 1342 1538 1382 ipsi
1558 1341 1692 1382 placeas,
1718 1351 1738 1373 a

225 1416 288 1447 quo
303 1408 369 1437 tam
390 1404 517 1444 indigne
532 1414 589 1444 per
602 1403 726 1435 litteras
739 1402 866 1434 habitus
881 1412 959 1438 sum,
977 1401 1062 1441 jocos
1078 1403 1156 1438 tuos,
1173 1400 1341 1440 plusquam
1361 1410 1497 1440 aequum
1513 1402 1559 1431 est
1573 1399 1741 1436 mordaces,

226 1463 386 1503 castigabo
403 1463 424 1480 ¹⁴
445 1462 550 1502 idque,
572 1471 667 1502 quam
688 1460 824 1500 primum
850 1459 980 1490 dabitur
999 1459 1108 1495 otium,
1135 1457 1243 1489 sedulo
1265 1457 1403 1489 efficiam.
1433 1457 1572 1488 Inultam
1592 1456 1741 1497 injuriam

227 1521 309 1552 hanc
329 1520 369 1551 ad
389 1522 529 1560 posteros
550 1528 634 1550 meos
654 1518 743 1550 abire
765 1528 827 1549 non
848 1518 958 1549 sinam.
987 1516 1035 1548 Tu
1056 1516 1179 1548 interea
1199 1515 1278 1552 vale,
1299 1518 1332 1547 et
1351 1515 1583 1547 comminiscere
1611 1513 1741 1554 aliquid,

227 1578 311 1609 unde
333 1577 417 1609 tueri
439 1580 470 1608 te
491 1576 596 1617 possis.

238 2075 245 2091 ¹
267 2073 321 2101 PP.
342 2072 402 2105 fait
421 2071 492 2099 milii
1011 2070 1022 2085 ⁹
1035 2068 1088 2096 Nei
1108 2068 1193 2096 codici
1212 2077 1270 2103 qua
1288 2070 1331 2096 est

235 2120 246 2136 ἵ
266 2118 327 2145 PM.
347 2116 506 2145 aceordatis
1001 2114 1021 2131 ¹⁰
1041 2114 1086 2141 ΒΥ.
1107 2113 1167 2141 ΡΜ.
1188 2113 1400 2147 commentaque

236 2164 247 2180 ³
268 2163 322 2190 PP.
341 2170 405 2189 cam
1001 2160 1020 2176 ¹¹
1042 2158 1096 2186 PP.
1125 2157 1160 2185 ha
1182 2157 1367 2192 perlusoris3
1395 2157 1457 2185 PM.
1478 2156 1665 2192 prolusori33
1693 2155 1732 2183 Br

236 2208 245 2225 ⁴
266 2207 349 2234 Forse
369 2205 470 2241 meglio
490 2205 540 2240 qm·
553 2205 630 2240 qaod
642 2204 867 2233 desideraverint
879 2203 964 2231 biduo
1031 2202 1172 2237 plasoris,
1191 2210 1204 2229 e
1224 2204 1280 2230 cosi
1299 2202 1350 2229 due
1370 2201 1457 2229 codici
1476 2200 1554 2229 citati
1572 2201 1607 2228 da
1627 2200 1686 2228 PM.

235 2253 246 2270 ⁵
266 2252 350 2279 Forse
369 2259 399 2279 se
1001 2248 1022 2265 ¹2
1040 2246 1093 2274 Ναὶ
1112 2246 1197 2274 codici
1214 2246 1367 2274 memoriae

236 2298 247 2314 ὅ
268 2296 322 2325 ΡΡ.
342 2295 502 2328 fimailiaris
522 2294 632 2329 ingenii
1003 2293 1024 2309 ¹³
1044 2292 1089 2320 ΒΓ.
1108 2300 1122 2318 e
1142 2291 1196 2319 PP.
1216 2299 1253 2319 ne
1271 2292 1319 2326 at;
1338 2291 1399 2319 PM.
1419 2299 1454 2319 nc
1472 2298 1507 2318 oze

239 2342 250 2358 ⁷
271 2341 328 2369 PM.
350 2341 414 2367 nota
433 2339 482 2367 che
501 2339 573 2367 altro
590 2338 680 2366 codice
700 2338 736 2365 ha
754 2338 917 2373 armamenti
1001 2337 1022 2354 ¹⁴
1043 2337 1097 2364 Pr.
1116 2335 1260 2371 castigmbo
1278 2335 1424 2363 mordaces

237 2387 248 2402 ⁸
268 2385 312 2414 Br.
324 2393 336 2412 e
348 2385 404 2413 cod.
416 2384 462 2413 cit.
473 2384 507 2412 da
520 2384 581 2413 PM.
595 2383 704 2419 adclici3
719 2383 779 2412 PM.
794 2383 848 2410 PP.
862 2382 966 2410 adduci
