1845 3076
255 168 294 198 22
886 177 912 201 P.
934 178 960 201 P.
981 177 1127 201 vERGEfflo

256 260 455 291 humanitate
487 260 674 300 praeditum.
708 261 808 301 Igitur
828 270 899 291 011111
920 260 1073 298 adiissem,
1102 263 1134 293 et
1164 262 1197 292 in
1220 264 1389 302 utrumque
1419 266 1485 294 tam
1506 263 1646 303 legatum
1673 274 1768 303 quam

256 317 410 356 insignem
431 327 488 356 per
507 327 540 348 se
561 317 664 349 virum
683 318 823 348 muneris
854 318 915 349 mei
937 318 1078 349 debitum
1110 319 1323 359 persolvissem
1337 321 1355 357 ¹,
1386 320 1440 351 ille
1459 320 1543 351 inter
1573 320 1675 360 prima
1702 321 1768 352 fere

253 373 453 405 salutationis
472 374 576 413 verba⁷
593 385 663 405 cum
679 374 744 405 tale
756 375 766 391 ²
787 375 865 405 nihil
879 385 1047 414 sperarem,
1063 376 1247 407 nominatim
1267 387 1317 408 me
1337 377 1535 417 compellavit
1548 387 1554 413 ;
1568 395 1606 399 —
1621 379 1653 408 et
1666 378 1767 408 audis-

252 430 307 461 303
328 440 361 462 se
383 431 485 462 multa
504 431 542 462 de
562 432 656 463 rebus
677 431 763 469 meis,
785 434 918 463 testatus
940 434 995 469 est,
1017 435 1048 463 et
1063 432 1207 464 dilexisse
1222 435 1317 465 antea
1336 444 1431 474 quam
1446 437 1662 474 cognosceret:
1683 445 1766 465 nunc

253 488 414 527 cognitum
435 488 468 518 in
488 489 623 519 amicum
645 489 740 520 vellet
761 492 792 519 et
812 489 895 519 inter
916 499 986 520 suos
1007 499 1069 520 non
1090 492 1289 529 postremum.
1312 490 1474 530 Multaque
1488 493 1653 531 praeterea
1667 491 1767 532 subje-

252 544 304 580 cit,
326 554 406 584 quae
428 545 576 576 eximium
597 545 630 576 iu
650 556 699 577 me
724 548 753 577 et
775 556 913 576 amorem
935 549 967 577 et
988 546 1137 577 honorem
1156 546 1376 586 significarent.
1398 547 1499 587 Hujus
1521 551 1627 579 autem
1649 548 1703 584 rei,
1725 550 1762 579 111

252 604 363 640 postea
383 603 521 642 cognovi,
542 606 652 634 auctor
677 606 713 634 111
734 602 848 641 fueras,
880 603 934 643 qui
955 613 1003 634 me
1023 603 1109 643 apud
1140 603 1229 634 illum
1260 604 1342 635 tanti
1361 604 1492 642 fecisses,
1524 605 1602 635 nihil
1632 606 1759 642 veritus,

254 669 351 697 quam
365 658 481 691 linceos
504 660 537 690 in
551 670 673 691 omnem
688 670 752 690 rem
769 659 872 691 oculos
888 660 993 691 ferret.
1015 659 1075 691 Sed
1098 660 1249 691 habemus
1276 661 1420 692 fortunae
1436 662 1580 702 gratiam,
1601 662 1684 702 quod
1699 662 1709 678 ‘¹
1732 662 1766 692 in

253 718 387 755 angusto
402 719 543 756 tempore
552 720 583 748 et
591 717 677 748 brevi
692 717 832 749 oratione
848 717 1026 757 dignoscere
1041 728 1101 749 non
1115 718 1213 754 licuit,
1228 721 1347 758 quanto
1363 728 1418 758 ego
1437 717 1565 750 inferior
1578 729 1656 756 sum,
1669 729 1765 759 quem

252 775 309 802 aut
323 773 388 812 ipse
403 773 559 805 existimet
568 775 588 811 ⁵,
603 777 659 805 aut
681 777 716 805 tu
738 784 803 806 esse
818 784 867 805 me
884 774 968 811 velis,
983 784 1076 814 quem
1090 777 1156 805 tam
1171 774 1236 806 late
1250 775 1422 815 praedicas.
1438 776 1514 807 Cum
1528 778 1564 806 tu
1577 775 1673 816 igitur
1686 775 1767 806 1111111

253 839 354 867 cures,
368 830 443 861 dum
457 841 505 861 me
520 841 616 871 supra
637 831 763 862 modum
784 831 893 862 laudes
906 832 925 868 ⁶,
942 832 1115 862 curandum
1137 834 1184 863 est
1204 832 1290 869 mihi,
1306 832 1401 873 idque
1421 843 1609 873 magnopere
1623 833 1754 864 laboran

252 886 339 924 dum,
354 897 393 918 ne
409 890 443 919 tu
459 898 555 928 supra
569 888 695 920 modum
712 889 749 919 de
763 899 813 920 me
828 888 979 920 mentitus
993 889 1091 920 videri
1106 889 1208 928 possis.
1233 889 1320 921 Vale.

964 1230 1044 1262 XIX.

648 1338 926 1371 UBERTINO
962 1340 1025 1371 DE
1061 1340 1339 1372 CARRARIA
1359 1342 1370 1357 ⁷

504 1413 567 1449 (Br.
585 1423 617 1449 2).
641 1416 697 1448 10;
718 1431 749 1434 —
774 1415 820 1442 Tr.
841 1416 858 1443 5
878 1424 906 1443 n.
926 1418 965 1449 9,·
986 1432 1016 1435 -
1037 1416 1109 1444 PM.
1129 1426 1150 1444 c.
1171 1417 1228 1449 71;
1250 1433 1280 1438 —
1301 1416 1364 1444 PP.
1383 1425 1411 1445 n.
1433 1417 1510 1451 133.)

328 1501 450 1532 Debere
464 1501 523 1532 tibi
536 1501 594 1532 hoc
609 1501 724 1537 videor,
740 1504 808 1532 tum
822 1502 832 1518 ⁸
853 1512 910 1542 pro
924 1502 1142 1534 benevolentia
1157 1514 1193 1533 ac
1208 1503 1270 1534 fide
1288 1506 1402 1540 nostra,
1418 1514 1513 1544 quam
1528 1504 1567 1535 ad
1584 1506 1615 1535 10
1627 1507 1759 1544 tuosque

249 1558 400 1589 lsbertine
415 1559 425 1575 ⁰
447 1558 557 1595 liabeo,
578 1559 679 1589 tum¹⁴³
695 1569 750 1598 pro
766 1559 964 1599 indulgentia
989 1563 1083 1600 atque
1105 1561 1219 1597 favore,
1242 1571 1335 1600 quem
1357 1561 1454 1592 indoli
1476 1564 1549 1592 tuae
1573 1561 1757 1601 praeclarae

254 1618 351 1655 atque
371 1616 495 1656 ingenio
517 1616 597 1647 bene
619 1618 694 1646 nato
711 1616 750 1647 ab
768 1617 911 1647 omnibus
929 1627 1063 1656 aequum
1087 1620 1133 1648 est
1157 1618 1280 1654 deberis
1294 1621 1338 1656 ut,
1355 1618 1618 1658 quemadmodum
1631 1619 1651 1636 ¹¹
1668 1630 1757 1658 prae-

250 1683 320 1703 ¹sens
341 1673 531 1713 quandoque
551 1672 643 1709 soleo,
674 1673 720 1704 ita
740 1684 822 1704 nunc
842 1674 953 1705 absens
974 1677 1005 1705 te
1024 1685 1235 1706 commoneam
1249 1676 1278 1705 ¹².
1302 1675 1390 1714 Quod
1412 1686 1509 1715 quum
1528 1676 1593 1715 ipse
1619 1675 1756 1707 libenter

250 1731 339 1766 facio,
361 1730 450 1761 video
471 1733 578 1762 tamen
611 1741 676 1762 esse
696 1731 754 1762 tibi
777 1742 838 1762 non
862 1732 1080 1763 necessarium.
1112 1732 1194 1770 Quid
1217 1732 1299 1763 enim
1321 1733 1407 1763 aliud
1432 1743 1555 1772 possum
1577 1743 1702 1764 monere
1724 1736 1757 1764 te

252 1791 285 1818 ut
307 1788 412 1824 facias,
434 1798 529 1827 quam
550 1788 632 1828 quod
653 1798 776 1828 semper
797 1788 894 1819 facis?
919 1790 984 1819 Aut
1005 1789 1081 1829 quid
1103 1789 1226 1830 dignius
1242 1791 1262 1806 ¹³³
1284 1790 1502 1821 commendare
1523 1800 1627 1821 coram
1647 1793 1678 1822 te
1694 1801 1759 1830 pos-

247 1856 325 1882 sum,
349 1845 432 1885 quod
454 1845 571 1876 imitari
594 1845 719 1879 debeas,
740 1849 796 1876 aut
822 1846 954 1876 111111111111
984 1847 1108 1877 virtutis
1121 1847 1297 1886 exemplum
1321 1850 1470 1885 statuere,
1482 1859 1578 1888 quam
1589 1851 1620 1879 te
1635 1848 1759 1888 ipsum?

252 1904 354 1941 Quum
376 1903 457 1933 enim
480 1903 524 1933 ita
549 1903 589 1934 ab
611 1903 677 1943 ipsa
700 1907 816 1934 natura
838 1904 858 1920 ¹⁵
881 1907 911 1934 01
931 1904 1027 1935 animi
1050 1907 1081 1935 01
1100 1905 1237 1944 corporis
1268 1905 1392 1937 dotibus
1417 1906 1603 1937 constitutus
1624 1906 1759 1943 videare,

247 1963 283 1990 ut
305 1961 411 1991 omnia
432 1972 550 2001 magna
566 1971 693 2001 sperare
715 1961 754 1991 de
777 1963 808 1992 te
831 1961 932 1998 liceat,
954 1962 1000 1992 ita
1021 1963 1125 1993 omnia
1145 1965 1200 1993 tuo
1221 1962 1323 1994 studio
1335 1962 1372 1994 de
1384 1966 1415 1994 10
1434 1966 1572 2003 praestes
1590 1964 1619 2000 ¹⁶,
1642 1966 1677 1994 ut
1697 1974 1759 1994 non

249 2020 337 2049 modo
358 2028 444 2058 spem
465 2018 519 2049 sed
542 2021 573 2049 et
593 2021 666 2049 vota
686 2018 825 2049 omnium
854 2029 1029 2058 exsupereS‚
1054 2019 1130 2059 quid
1145 2023 1192 2051 est
1216 2031 1277 2060 quo
1293 2021 1313 2037 ¹⁷
1334 2020 1547 2052 cohortatione
1569 2021 1667 2061 magis
1691 2031 1760 2060 pro-

249 2075 324 2115 pelli
356 2076 452 2116 possis
478 2079 533 2107 aut
554 2079 751 2107 caeterorum
782 2076 955 2107 imitatione
977 2077 1075 2117 magis
1093 2077 1244 2109 accendi?
1276 2077 1358 2108 Nam
1378 2078 1411 2108 in
1433 2078 1565 2109 caeteris
1585 2077 1618 2109 id
1643 2078 1759 2109 aetatis

247 2133 366 2164 indoles
392 2136 517 2164 tantum
540 2133 664 2164 laudari
688 2133 776 2170 solet,
799 2136 840 2171 01,
863 2133 889 2164 si
910 2134 986 2173 quid
1008 2134 1081 2165 fecit
1101 2135 1134 2165 in
1155 2145 1313 2175 quoquam
1338 2136 1432 2175 paulo
1453 2137 1569 2167 natura
1588 2135 1761 2176 benignior,

257 2255 265 2271 ¹
287 2253 359 2281 PR:
380 2253 574 2281 excoluissent.
588 2269 619 2272 —
634 2253 679 2281 ΒΥ.
699 2262 713 2281 0
732 2253 792 2282 ΡΜ.
806 2253 985 2282 ezsolrisscm
1024 2255 1046 2272 ⁴⁰
1064 2254 1109 2282 ΒΓ.
1130 2255 1190 2284 ΡΜ.
1210 2256 1264 2283 ΡΡ.
1283 2264 1347 2283 cum
1365 2263 1413 2290 per
1433 2257 1493 2283 tum

254 2299 265 2315 ‘2
284 2297 361 2326 Ram.
382 2299 475 2326 tamen
495 2297 614 2332 pertale
1021 2300 1040 2316 ¹¹
1061 2299 1107 2327 Br.
1126 2300 1186 2328 PM.
1206 2309 1294 2334 (μιηις
1313 2300 1367 2329 ΡΡ.
1387 2301 1528 2335 quantum

254 2344 264 2358 ³
284 2342 354 2370 PR:
376 2342 501 2370 audisset
1020 2345 1043 2362 ¹²
1062 2344 1134 2373 Mur.
1153 2345 1318 2373 conveniam

254 2387 264 2403 4
284 2386 356 2414 PR:
375 2395 463 2421 qaam-
1021 2390 1042 2406 ¹³
1061 2389 1115 2417 Nei
1134 2389 1221 2417 codici
1239 2389 1317 2424 quod
1334 2389 1452 2424 (Iiynius

253 2433 264 2449 5
283 2431 353 2458 PR:
375 2431 517 2460 existimes
1018 2433 1039 2451 ¹³
1058 2433 1128 2461 Mur.
1148 2434 1200 2461 aut
1216 2433 1310 2462 ullum
1327 2434 1445 2462 <virtutis
1463 2433 1640 2469 exemplum;
1659 2432 1700 2469 gli
1720 2432 1759 2460 al-

252 2478 263 2492 *
282 2475 384 2503 Perche
405 2477 434 2503 111
454 2475 491 2503 mi
510 2475 574 2504 lodi.
1055 2477 1092 2505 tri
1111 2478 1250 2506 omettono
1270 2479 1320 2505 aut
1332 2478 1426 2506 ullam

251 2521 262 2537 ⁷
281 2520 350 2548 Mar.
369 2520 419 2547 Ad
436 2521 584 2555 cyrcqimn
591 2521 731 2555 juvenem
756 2521 927 2549 Ubertc'mcm
945 2521 979 2550 dc
1015 2522 1037 2541 ¹5
1058 2521 1126 2549 Reff.
1151 2520 1225 2550 Cum
1238 2522 1315 2550 enim
1333 2523 1368 2550 ab
1388 2522 1450 2557 ipsa
1463 2523 1581 2556 natura,
1600 2521 1642 2549 ita
1660 2521 1705 2553 et‚·
1719 2519 1760 2556 gli

279 2564 423 2592 Carraria
442 2565 473 2592 R.
493 2565 516 2592 Ι.
537 2566 571 2600 S.‚
590 2567 610 2593 t.
631 2565 706 2601 XVI,
725 2574 747 2595 0.
767 2566 828 2595 229.
1053 2566 1118 2594 altri
1136 2575 1201 2594 cam
1220 2567 1296 2595 enim
1313 2567 1355 2595 ita
1374 2574 1427 2595 ecc.

250 2610 261 2627 s
279 2609 325 2636 ΒΓ.
345 2608 405 2635 ΡΜ.
424 2617 490 2636 cum
501 2617 558 2644 per
577 2611 638 2636 tanc
1019 2612 1040 2628 ’ὃ
1061 2610 1113 2638 Nei
1132 2611 1219 2639 codici
1232 2613 1382 2646 praestes;
1406 2611 1477 2640 Mur.
1490 2611 1627 2647 praestas

245 2654 257 2671 ’ὁ
278 2652 331 2681 Nei
351 2651 437 2681 codici
463 2652 493 2680 U
507 2661 522 2681 ο
549 2651 579 2683 V.
1018 2656 1039 2672 ¹⁷
1059 2654 1111 2682 Nei
1131 2654 1219 2683 codici
1237 2663 1250 2683 e
1270 2655 1298 2683 in
1318 2655 1388 2683 Mur.
1408 2655 1486 2691 quod
