1845 3076
235 148 294 179 198
872 157 897 179 P.
919 157 944 179 P.
966 156 1116 180 VERGEfflo

232 239 315 280 quod
337 239 453 272 otiosus
472 239 599 280 legeret.
623 240 683 278 Qui
702 240 761 271 nisi
782 241 897 281 prope¹
920 240 1068 279 discedat,
1089 241 1137 272 vel
1164 242 1189 271 si
1216 241 1311 272 faciat
1338 242 1420 281 quod
1448 242 1543 279 oravi,
1564 242 1613 273 vel
1642 243 1686 274 ibi
1716 244 1742 274 si

233 299 422 337 perseveret,
452 307 524 328 eum
545 297 664 329 videbo.
685 297 760 329 Cras
780 297 963 337 patriarcha
982 297 1109 329 futurus
1130 300 1176 329 est
1190 298 1338 335 Venetiis,
1359 317 1398 320 —
1418 298 1491 330 inde
1511 299 1582 337 huc,
1604 302 1639 330 ut
1659 302 1743 331 certo

234 356 388 391 asserunt,
410 354 594 394 priusquam
614 354 647 384 in
667 355 858 394 provinciam
878 364 967 386 suam
994 357 1056 392 eat,
1083 357 1242 386 venturus.
1277 355 1336 386 Hic
1364 365 1436 386 eum
1462 356 1582 395 videbo,
1610 357 1637 388 si
1664 356 1744 388 forte

234 420 284 441 me
306 411 398 446 norit,
419 411 474 451 qui
495 411 645 442 beneficio
665 421 720 443 suo
741 411 911 452 aliquando
932 421 1006 443 usus
1027 422 1102 443 sum.
1126 411 1214 449 Vale,
1236 415 1267 443 et
1288 412 1413 443 domino
1434 412 1485 450 M.,
1508 412 1573 444 viro
1594 413 1694 450 unico,
1711 424 1748 444 ac

235 467 360 499 domino
381 468 486 508 priori,
508 472 578 508 post
599 479 670 500 eum
690 469 793 506 alteri,
814 479 863 500 me
883 469 1076 500 recomenda.

915 718 1066 749 CXXXII.

896 802 917 823 s.
951 793 979 823 d.
1012 803 1037 823 e.
1068 794 1088 823 i.

623 867 689 902 (ΒΓ.
698 876 729 902 st.
743 868 786 894 :323
798 870 832 896 A:
848 884 879 886 —
894 868 964 895 PM.
978 878 999 896 r.
1013 869 1050 895 5¹5
1063 870 1097 901 t.‚·
1113 885 1144 888 —
1160 869 1223 896 ΡΡ.
1238 878 1265 896 η.
1280 870 1358 903 106.)

315 938 375 968 Vix
395 947 517 977 possim]
539 937 696 969 abstinere
718 948 777 975 me,
799 949 837 969 ne
858 939 1041 978 progrediar
1062 949 1112 970 eos
1133 939 1256 977 limites,
1275 940 1388 980 quibus
1407 940 1572 980 parvitatis
1587 950 1663 972 meae
1678 952 1747 972 con—

235 995 366 1027 scientia
387 998 534 1026 contenta
555 998 609 1032 est,
632 1005 702 1026 cum
723 995 764 1026 ab
790 995 854 1026 ullo
882 996 1051 1033 hominum,
1081 997 1170 1037 cujus
1194 997 1347 1037 judicium
1376 997 1503 1037 plurimi
1532 998 1654 1036 faciam,
1682 1009 1749 1039 pro-

234 1053 329 1083 batus
351 1052 416 1082 sim.
439 1052 478 1082 Et
500 1055 546 1083 est
567 1053 643 1083 mihi
664 1063 785 1092 magnae
806 1054 871 1092 spei
893 1057 1113 1093 argumentum
1136 1064 1197 1084 non
1218 1054 1391 1094 improbari
1415 1065 1485 1085 cum
1507 1066 1526 1086 a
1547 1056 1666 1086 caeteris
1679 1067 1746 1096 gra—

234 1110 375 1146 vissimis,
396 1112 463 1140 tum
486 1110 620 1140 maxime
641 1120 660 1140 a.
680 1112 721 1147 te,
742 1110 797 1149 qui
817 1110 912 1141 totius
932 1110 1003 1141 vitre
1022 1121 1108 1147 mete,
1122 1111 1259 1142 omnium
1274 1112 1460 1150 studiorum,
1477 1113 1616 1144 omnium
1630 1114 1746 1145 artium

233 1167 395 1206 exemplar
416 1176 446 1197 es
468 1169 499 1197 et
520 1166 638 1206 regula.
660 1166 783 1205 Quanto
804 1167 900 1207 igitur
920 1167 1018 1207 magis
1039 1177 1165 1207 sperare
1186 1168 1226 1199 de
1242 1179 1290 1199 me
1305 1179 1438 1208 possum,
1453 1180 1549 1209 quum
1567 1172 1603 1200 tu
1616 1170 1747 1201 laudas?

234 1224 270 1255 In
293 1235 355 1263 qua
376 1234 409 1255 re
430 1224 554 1255 fatebor
575 1234 712 1254 errorem
736 1234 848 1255 meum.
872 1223 973 1262 Quum
995 1225 1077 1255 enini
1098 1225 1131 1255 id
1152 1225 1228 1256 mihi
1250 1226 1362 1264 evenit,
1382 1230 1417 1257 ut
1441 1227 1654 1267 unusquisque
1666 1228 1699 1258 in
1713 1238 1746 1259 se

233 1293 329 1322 quam
350 1283 382 1313 in
407 1285 536 1314 caeteros
557 1283 685 1322 pronior
705 1285 759 1319 est,
781 1292 830 1313 res
856 1292 949 1318 meas,
979 1292 1091 1322 ineque
1118 1282 1243 1313 laudari
1257 1284 1266 1299 '²
1287 1283 1389 1321 credo,
1411 1284 1535 1321 oblitus
1558 1284 1658 1316 solere
1686 1285 1747 1325 ple-

233 1350 366 1380 rumque
388 1350 458 1370 cum
479 1340 597 1380 ignavis
618 1340 664 1370 ita
685 1340 744 1379 agi,
766 1342 811 1376 ut,
826 1340 851 1369 si
872 1350 932 1369 non
946 1339 1009 1370 alia
1024 1350 1066 1376 re,
1085 1340 1198 1370 saltem
1213 1350 1319 1371 amore
1332 1340 1435 1372 laudis
1451 1341 1636 1373 excitentur.
1654 1341 1747 1380 Quid-

233 1397 308 1437 quid
330 1400 436 1428 tamen
457 1397 505 1433 sit,
527 1397 612 1436 quod
632 1397 664 1427 in
687 1407 735 1428 me
756 1396 951 1427 laudandum
972 1400 1072 1436 putas,
1090 1408 1125 1428 eo
1139 1398 1228 1428 nulla
1242 1398 1305 1428 alia
1318 1408 1351 1429 re
1366 1398 1424 1428 nisi
1438 1398 1603 1438 splendore
1617 1399 1745 1431 virtutis

233 1458 265 1486 et
286 1454 499 1485 doctrinarum
521 1457 622 1485 motus
643 1454 762 1491 studeo,
785 1457 821 1485 ut
842 1465 1038 1494 unaquaeque
1060 1455 1125 1485 dies
1146 1455 1306 1486 meliorem
1328 1456 1559 1495 doctioremque
1581 1456 1745 1496 posteriori

234 1522 284 1543 me
306 1512 427 1543 reddat.
449 1513 554 1552 Atque
576 1511 629 1542 id3
649 1512 779 1542 efficiam
800 1512 940 1551 profecto
962 1512 1036 1543 dum
1061 1513 1175 1549 vixero,
1202 1516 1238 1544 ut
1265 1523 1435 1553 paucorum
1463 1513 1573 1544 laudes
1601 1516 1748 1554 expetens

232 1569 421 1600 conscientia
442 1579 513 1600 mea
534 1572 699 1600 contentus
719 1570 785 1600 sim.
802 1569 836 1599 In
852 1580 915 1609 qua
928 1579 962 1600 re
978 1570 1085 1609 paucis
1100 1570 1280 1601 extrinsecis
1297 1570 1488 1610 adjumentis
1503 1581 1583 1611 opus
1598 1573 1646 1602 est
1660 1571 1745 1602 mihi.

232 1626 315 1657 Satis
336 1627 437 1657 habeo
456 1636 513 1666 pro
529 1636 587 1663 me,
602 1637 663 1657 non
680 1627 758 1657 satis
779 1626 907 1657 fortasse
928 1637 984 1666 pro
1000 1627 1056 1664 his,
1073 1627 1186 1667 quibus
1201 1637 1265 1658 esse
1277 1627 1413 1658 subsidio
1433 1628 1555 1665 vellem,
1571 1628 1746 1668 quibusque

232 1687 357 1724 gratum
380 1687 411 1714 et
431 1683 595 1715 liberalem
616 1684 776 1715 animum⁴
799 1687 974 1715 monstrare
997 1685 1095 1724 cupio.
1120 1685 1159 1715 Et
1180 1685 1226 1716 ita
1251 1685 1295 1722 fit,
1318 1690 1356 1716 ut
1386 1688 1419 1716 tu
1447 1685 1659 1725 compassione
1685 1686 1747 1717 mei

232 1741 339 1772 doleas
353 1742 373 1778 ⁵,
395 1752 451 1781 ego
472 1752 544 1773 vero
566 1752 627 1772 non
648 1742 709 1772 mei
729 1741 783 1772 sed
811 1742 944 1773 aliorum
973 1742 1131 1773 miserear.
1153 1742 1279 1782 Suscepi
1300 1746 1407 1774 tamen
1430 1743 1605 1774 avidissime
1633 1753 1746 1774 munus
1787 1766 1792 1770 -

231 1802 330 1836 tuum,
352 1809 385 1829 re
406 1799 532 1838 quidem
553 1810 701 1840 magnum
723 1802 754 1829 et
775 1799 971 1838 praeolarmu,
994 1799 1046 1830 sed
1068 1800 1173 1831 dantis
1195 1800 1342 1840 religione
1358 1800 1448 1840 longe
1463 1800 1672 1840 praestantius.
1694 1800 1743 1832 Tu

231 1859 346 1894 tamen,
361 1856 415 1896 qui
431 1857 508 1887 nihil
529 1857 587 1887 nisi
601 1856 684 1896 quod
700 1859 815 1896 pneter
828 1857 1086 1887 consuetudinem
1101 1857 1301 1897 magnificum
1315 1860 1404 1895 esset,
1418 1858 1493 1888 dare
1509 1857 1614 1895 velles,
1628 1868 1743 1889 munus

231 1923 369 1944 excusas.
390 1915 417 1944 A
438 1924 500 1953 quo
521 1913 624 1944 studio
644 1913 831 1944 abstinuisse
855 1916 887 1944 te
907 1913 1027 1944 vellem.
1050 1913 1130 1952 Quid
1152 1915 1234 1945 enim
1256 1925 1388 1954 parvum
1410 1925 1429 1945 a
1449 1917 1481 1945 te
1503 1917 1559 1945 aut
1580 1914 1657 1954 quid
1682 1925 1745 1946 non

229 1981 378 2010 magnum
400 1971 469 2002 dari
491 1971 566 2001 mihi
586 1974 689 2011 posset
699 1972 732 2001 ⁶?
754 1972 790 2002 In
811 1972 955 2003 omuibus
976 1974 1082 2002 tamen
1103 1974 1134 2002 et
1155 1971 1331 2002 dandorum
1358 1975 1389 2003 et
1417 1971 1650 2003 reddendorum
1678 1982 1743 2002 mu-

229 2038 339 2059 nerum
361 2029 534 2060 rationibus
553 2029 741 2068 spectandus
764 2032 809 2060 est
830 2030 960 2067 animus,
984 2029 1038 2069 qui
1059 2039 1109 2060 res
1128 2032 1296 2060 mensurat.
1313 2029 1380 2067 Hic,
1395 2030 1419 2059 si
1435 2039 1567 2069 magnus
1585 2032 1617 2060 et
1632 2031 1741 2069 gratus

232 2088 287 2124 est,
310 2096 371 2116 non
392 2088 494 2125 potest
513 2097 625 2126 parum
646 2086 732 2123 dare,
755 2087 803 2118 sin
824 2087 913 2118 exilis
935 2089 966 2117 et
988 2087 1053 2117 sine
1075 2086 1200 2117 virtutis
1214 2087 1345 2124 ratione,
1360 2086 1437 2117 nihil
1453 2097 1601 2127 magnum
1620 2085 1741 2118 efficere

232 2144 323 2175 valet.
346 2144 412 2175 Hoc
432 2154 488 2183 ego
508 2154 638 2175 munere
665 2147 720 2175 tuo
741 2154 835 2184 quam
856 2144 1045 2183 amplissimo
1066 2155 1128 2175 non
1149 2144 1337 2184 indigebam,
1353 2144 1435 2175 utin
1456 2145 1638 2175 memoriam
1652 2145 1741 2174 tuam

231 2201 395 2237 excitarer,
417 2204 472 2232 aut
493 2204 524 2232 te
545 2204 696 2241 perpetuo
718 2204 823 2232 mente
842 2202 1043 2233 continerem.
1061 2202 1156 2242 Cujus
1169 2201 1245 2232 mihi
1257 2201 1435 2241 praesentia,
1452 2211 1513 2232 non
1528 2202 1630 2232 minus
1644 2211 1740 2242 quam

229 2259 295 2298 ipse
317 2259 393 2289 mihi
414 2269 549 2298 praesens
568 2269 645 2295 sum,
669 2269 772 2290 coram
795 2261 849 2290 est.
871 2259 957 2290 Tunc
979 2260 1062 2290 enim
1083 2260 1130 2290 tui
1152 2270 1247 2299 quum
1270 2259 1335 2298 ipse
1356 2259 1418 2290 mei
1439 2259 1612 2291 obliviscar.

240 2531 245 2546 ¹
269 2529 322 2556 ΡΡ.
335 2538 460 2564 propere
1013 2531 1022 2547 ⁴
1043 2530 1097 2558 ΡΡ.
1117 2530 1258 2557 hommem

237 2575 248 2590 ἱ·
268 2573 321 2601 ΡΡ.
342 2573 462 2601 laudare
1012 2575 1023 2591 ⁵
1042 2574 1098 2602 ΡΡ.
1118 2574 1225 2601 doloris

236 2619 248 2635 ³
268 2618 374 2645 PP.‘2‹t
1015 2620 1025 2636 ⁶
1045 2618 1099 2647 ΡΡ.
1114 2626 1216 2653 posses

1844 2044 1845 2052 ⁴
1831 1626 1845 2017 .,-mss-ss..-.-.———ezm
1832 1358 1845 1616 ..f—„bi-—ss-Am
1835 1103 1845 1347 ΑῌΔ-..ν
1835 1037 1845 1088 „ss-
1838 706 1845 1029 .-.-.-.—-.⁴-.-.—
1837 550 1845 698 -Λ-ῌΑ,
1837 185 1845 542 -ῌαι-ῌ-Ψ-κ.
1842 170 1845 178 -
1837 0 1845 162 ffl—

1836 2839 1837 2846 ᾼ
1828 2769 1839 2803 ·.r
1827 2635 1840 2751 22->⁷-
1840 2606 1841 2610 „
