1845 3076
236 151 293 181 134
875 157 902 180 P.
922 157 947 180 P.
969 156 1117 179 VERGERIO

236 243 333 274 nostri
354 241 493 272 muneris
516 243 570 272 est.
607 240 813 281 Quapropter,
844 242 871 271 si
891 240 961 280 quis
980 240 1143 271 imbecillis
1163 242 1219 271 aut
1239 240 1385 272 deformis
1416 251 1544 281 corpore
1573 241 1679 281 fuerit,
1706 243 1753 275 de*

235 302 352 331 natura
373 302 530 339 queratur
545 299 563 337 ¹,
585 317 623 321 —
645 299 671 329 si
691 298 801 338 opibus
821 307 923 338 egena
951 297 1110 328 fortunam
1130 300 1262 330 accuset.
1291 297 1394 329 Solum
1420 300 1525 330 autern
1552 308 1585 330 se
1613 300 1753 332 deteste·

236 360 290 388 tur
309 360 341 387 et
362 357 448 388 odiat
464 357 484 393 ²,
513 356 653 396 quisquis
667 356 678 373 ³
703 355 819 386 virtute
839 354 960 386 nudum
981 357 1013 386 et
1033 354 1121 386 bonis
1141 355 1279 386 moribus
1300 366 1433 387 vacuum
1454 356 1599 395 paenitus
1618 366 1650 388 se
1678 367 1748 389 con>

234 414 372 454 spexerit
387 414 406 444 ⁴.
439 414 496 444 His
527 423 623 453 quam
654 412 819 444 abundans
846 411 1031 452 quamque⁵
1062 411 1182 451 pollens
1213 412 1263 450 sis,
1291 412 1402 452 apud6
1432 423 1538 444 ornnes
1564 415 1744 454 peraeque⁷

235 473 366 502 constat.
388 470 543 501 Nimirum
564 470 663 510 igitur
683 469 709 500 si
729 479 851 509 semper
866 469 877 486 ⁸
903 469 1066 500 absentem
1087 472 1119 500 te
1141 469 1282 500 referunt
1303 472 1335 501 et
1362 469 1479 510 ubique
1509 473 1690 510 paesentem
1711 471 1747 502 in

236 529 358 569 praetio
383 528 526 569 ponunt?
547 528 689 559 Volitant
709 527 771 558 huc
791 527 903 558 literae
931 526 980 558 tui
1010 527 1143 558 nominis
1164 527 1294 567 plenam
1314 537 1376 558 non
1408 530 1529 558 cessant
1556 528 1682 568 linguae
1702 529 1743 560 ab

235 587 308 618 inde
329 586 522 617 venientium
538 586 548 602 ⁰
568 585 608 616 de
628 588 660 616 te
681 585 806 624 tuisque
826 584 937 616 studiis
958 584 1038 615 bene
1058 584 1152 624 loqui.
1176 583 1262 622 Quae
1283 585 1341 615 etsi
1361 585 1535 616 firmissime
1557 585 1692 623 credam,
1712 589 1745 617 et

234 655 297 675 non
318 646 354 674 ut
376 654 456 674 nova
476 645 532 674 aut
553 643 716 682 insperata
736 641 873 679 audiam,
906 641 1026 672 hortari
1051 645 1158 672 tamen
1189 644 1221 672 et
1250 642 1413 673 obsecrare
1428 643 1449 659 ¹⁰
1478 653 1540 673 non
1572 643 1686 681 desino,
1706 646 1743 675 ut

236 702 279 733 sic
295 702 325 739 ¹¹,
347 703 384 732 ut
404 701 542 740 caepisti,
563 710 684 740 pergas,
712 702 808 739 atque
829 699 934 729 studia
955 701 1012 729 tua
1033 699 1098 729 sine
1127 699 1355 738 interruptione
1375 699 1536 730 continues
1552 701 1582 737 ¹²,
1608 701 1748 732 lectioni-

237 759 306 795 bus,
321 757 596 798 disputationibus,
612 756 863 797 quotidianisque
877 756 1073 796 ingeniorum
1087 756 1241 787 exercitiis
1256 756 1427 787 indefessus
1446 757 1586 797 invigiles
1605 759 1635 790 ¹³.
1657 759 1744 791 Haec

235 817 318 848 enim
339 815 449 847 audita
469 817 689 851 rememorant,
710 814 833 853 linguas
852 813 872 830 ¹⁴
894 813 1050 849 abilitant.
1074 816 1105 844 et
1125 813 1165 844 ad
1186 824 1301 854 magna
1321 814 1483 854 arduaque
1499 815 1520 832 ¹⁵
1546 816 1745 856 comprehen-

234 873 338 904 denda
357 872 536 903 intellectus
557 874 724 902 exacuunt.
746 871 818 901 Esto
833 880 946 910 parcus
960 870 1030 908 eibi,
1045 871 1144 901 somni
1165 871 1297 910 parcior,
1313 874 1344 902 et
1358 871 1508 912 cujusque
1529 872 1673 904 desidiosi
1687 874 1743 905 otii

234 930 440 972 parcissimus,
462 929 614 960 sollicitus
635 928 790 965 maxime;
810 927 894 968 quod
914 928 946 958 in
968 928 1052 959 omni
1072 928 1234 968 agibilium
1256 939 1368 969 genere
1382 929 1553 968 plurimum
1572 930 1665 961 valet.
1686 931 1745 962 De-

233 988 328 1028 nique
349 987 394 1018 ita
414 986 517 1020 facito.
538 989 574 1017 ut
595 986 694 1016 virtus
714 987 772 1016 tua
790 985 918 1025 insignis
931 988 964 1016 te
984 986 1112 1016 instruit
1127 986 1156 1023 ¹⁶,
1178 988 1282 1026 atque,
1303 987 1387 1026 quod
1408 987 1581 1024 omiseram,
1596 988 1741 1028 quodque

234 1044 376 1076 omnibus
396 1044 428 1074 id
449 1043 563 1074 aetatis
578 1043 598 1060 ¹⁷
628 1043 785 1082 potissime
806 1043 1055 1082 persuadendum
1071 1043 1092 1059 ¹⁸
1113 1045 1168 1080 est,
1189 1042 1334 1074 adversas
1348 1044 1369 1060 ¹⁹
1390 1044 1558 1076 virtutibus
1583 1054 1742 1076 conversa-

233 1102 334 1134 tiones
354 1101 436 1142 fuge.
457 1100 535 1132 Vale
556 1101 587 1131 ²⁰.

943 1361 1036 1393 XCII.

324 1454 566 1486 PRAECLARO
586 1453 684 1485 VIRO
705 1453 866 1485 DOMINO
888 1453 975 1484 MAG
982 1454 1095 1486 ISTRO
1115 1455 1300 1486 ANTONIO
1322 1455 1375 1486 DE
1398 1457 1654 1490 BARUFALDIS

631 1511 831 1543 PHISICO
866 1511 1339 1545 PRAESTANTISSIMO.

950 1587 977 1619 S.
1000 1587 1029 1618 d.

787 1663 830 1697 (G
844 1664 903 1695 76;
922 1679 956 1682 —
974 1663 1037 1691 PP.
1057 1672 1085 1691 u.
1105 1664 1184 1699 128.)

313 1752 438 1783 Oblitus
460 1763 492 1783 es
512 1752 583 1789 mei,
617 1762 734 1789 vereor,
756 1751 802 1783 vir
823 1751 953 1792 egregie,
986 1761 1005 1782 a
1036 1762 1097 1791 quo
1117 1762 1174 1782 nec
1202 1762 1290 1783 voees
1311 1763 1368 1784 nec
1388 1753 1510 1786 litteras
1536 1756 1603 1796 jam
1633 1756 1744 1787 diebus

233 1810 378 1850 pluribus
399 1810 554 1850 accepisti.
576 1809 643 1840 Mos
664 1809 746 1840 enim
767 1809 964 1849 quorundam
986 1811 1040 1846 est,
1057 1809 1111 1848 qui
1125 1820 1187 1840 non
1208 1819 1320 1849 paru1n
1342 1811 1373 1841 in
1389 1812 1526 1843 amicitia
1546 1813 1622 1844 mihi
1638 1824 1742 1845 errare

233 1867 389 1904 videntur,
410 1870 454 1904 ut,
478 1877 548 1897 eum
568 1867 702 1898 amicum
723 1866 829 1897 videre
850 1866 1008 1903 desierint,
1039 1866 1098 1896 nisi
1128 1869 1271 1906 tepentes
1292 1868 1406 1899 amoris
1436 1869 1560 1901 favillae
1589 1871 1659 1911 (sic)
1681 1881 1744 1902 ere-

233 1925 319 1956 brius
341 1925 525 1963 excitentur,
547 1925 661 1955 amicos
680 1934 712 1955 se
736 1934 800 1955 esse
821 1923 990 1954 dediscant.
1014 1923 1102 1962 Quod
1125 1923 1163 1955 de
1178 1926 1209 1955 te
1225 1935 1285 1955 non
1308 1924 1398 1956 facile
1419 1927 1595 1967 conjectare
1609 1938 1741 1968 possum.

232 1982 347 2013 Precor
368 1983 450 2013 enim
470 1982 567 2013 talem
589 1993 638 2013 me
660 1984 763 2013 tecum
784 1981 954 2012 amicitiam
975 1981 1122 2018 sanxisse,
1145 1992 1225 2021 quae
1240 1992 1296 2013 nee
1312 1983 1463 2021 absentia,
1485 1986 1542 2015 aut
1560 1985 1667 2025 quovis
1687 1985 1743 2016 hu-

230 2050 323 2071 mano
345 2050 428 2077 casu,
450 2040 511 2071 imo
533 2050 590 2071 nec
611 2040 678 2079 ipsa
699 2039 793 2079 possit
814 2041 914 2070 morte
934 2038 1041 2070 deleri.
1065 2038 1153 2078 Quod
1174 2042 1281 2070 autem
1302 2050 1364 2071 non
1385 2041 1507 2081 saepius
1522 2041 1563 2073 ad
1577 2044 1609 2074 te
1622 2043 1742 2083 scripsi,

238 2185 247 2202 1
267 2183 320 2210 Nei
338 2182 422 2210 codici
441 2182 599 2217 quaeratur
1006 2184 1025 2200 1¹
1045 2182 1076 2210 G.
1096 2183 1129 2209 ut
1146 2182 1186 2210 sic
1199 2190 1371 2216 perseveres,
1388 2184 1429 2211 sic
1445 2184 1542 2212 studia

238 2230 248 2245 ‘2
268 2228 323 2255 PP.
341 2228 431 2255 odeat.
1002 2228 1023 2244 ¹²
1042 2228 1097 2255 PP.
1117 2228 1261 2255 continuis

239 2274 249 2290 3
269 2273 333 2300 Cosi
352 2272 383 2300 G.
403 2271 448 2298 Gli
467 2269 549 2299 altri:
569 2270 595 2299 εἰ
613 2270 678 2304 quis
1004 2273 1025 2289 ¹³
1045 2271 1106 2299 Cosi
1127 2272 1158 2300 G.
1178 2272 1223 2299 Gli
1243 2272 1308 2299 altri
1327 2273 1481 2308 vlye'hme.

239 2318 248 2335 ⁴
269 2317 332 2344 Cosi
352 2318 382 2344 G.
403 2332 434 2336 —
458 2316 519 2344 PM.
538 2324 552 2343 e
571 2315 626 2342 PP.
639 2314 829 2350 prospexerit.
859 2331 890 2334 —
919 2315 965 2344 ΒΥ.
1004 2316 1026 2335 ¹⁴
1044 2316 1100 2344 PP.
1121 2316 1231 2352 lim-(mis

254 2361 419 2397 fisqwrerit.
1002 2362 1024 2378 ¹⁵
1044 2361 1075 2389 G.
1095 2361 1187 2395 ommis
1206 2361 1299 2389 ardua

239 2408 250 2424 5
269 2406 331 2433 Cosi
351 2406 383 2434 G.
404 2404 449 2432 Gli
468 2404 533 2432 altri
552 2406 636 2438 atque
1002 2406 1023 2423 ¹5
1042 2405 1097 2433 PP.
1116 2405 1243 2433 institnit

236 2452 247 2468 ὃ
267 2451 298 2478 G.
318 2451 411 2478 inveoe
430 2449 457 2476 di
476 2449 554 2484 apud
571 2456 624 2477 ecc.
643 2448 824 2477 notissimum
842 2451 890 2477 est.
999 2451 1020 2468 ¹⁷
1040 2450 1079 2477 Id
1096 2450 1206 2484 aetatis,
1225 2450 1363 2479 idiotismo
1383 2451 1538 2487 frequente.

237 2496 248 2512 ⁷
267 2495 320 2523 PP.
334 2494 491 2529 praecipue
1001 2496 1024 2512 ¹⁸
1042 2495 1103 2522 Cosi
1124 2495 1154 2522 G.
1175 2495 1220 2522 Gli
1239 2495 1304 2523 altri
1322 2496 1501 2525 szmdcmlum

237 2541 248 2557 Β
267 2539 330 2566 Cosi
349 2540 380 2566 G.
401 2538 445 2566 Gli
465 2537 531 2565 altri
552 2539 576 2566 te
594 2545 702 2573 semper
1003 2540 1024 2557 ¹⁹
1042 2539 1103 2567 PM.
1123 2539 1249 2567 adversis

236 2585 247 2601 ⁹
266 2584 322 2611 PP.
339 2584 374 2611 ab
394 2583 461 2611 hine
482 2582 624 2611 venientes
999 2584 1023 2602 ‘²⁰
1042 2584 1073 2613 G.
1093 2584 1200 2612 Petrus
1218 2584 1334 2613 Paulus
1353 2587 1428 2614 tuus.

225 2629 246 2646 ¹0
266 2629 321 2656 PP.
340 2629 488 2656 observare
