1845 3076
749 183 885 206 Erisrou:
1538 176 1574 206 61

68 267 116 300 fas
136 267 232 298 fuerit
245 267 456 298 communium
476 266 637 298 hominum
650 266 682 297 in
698 266 837 298 amicitia
858 267 986 304 versari,
1009 267 1122 307 quibus
1139 266 1281 307 singulae
1301 266 1486 299 offensiones
1507 277 1580 307 que-

66 324 149 356 relas
169 327 337 361 exacuunt,
364 324 459 364 paulo
479 324 636 364 graviores
662 324 757 355 etiam
787 323 1044 364 indignationem,
1067 324 1151 355 unde
1172 323 1414 355 benivolentiam
1446 324 1578 356 convelli

67 390 192 413 necesse
212 381 262 413 sit.
283 380 411 421 Sapiens
432 391 514 418 vero,
534 385 571 412 ut
592 382 682 412 tute¹
711 391 754 418 es,
778 381 932 421 quidlibet
952 381 1011 412 sibi
1032 381 1184 420 putabit²
1211 381 1251 412 ab
1273 381 1372 412 amico
1403 381 1576 419 serendum,

66 440 100 470 et
114 438 262 475 omnium,
276 447 358 478 quae
372 437 425 469 ille
440 437 557 475 fecerit,
573 437 667 469 fuisse
681 448 809 469 causam
822 437 1010 475 arbitratur,
1025 438 1050 468 si
1066 438 1168 469 minus
1185 438 1316 477 justam,
1338 442 1446 469 tamen
1461 442 1578 470 utram-

66 505 128 536 que
147 495 343 535 probabilem
354 495 375 533 ³,
395 497 460 533 aut,
481 495 506 525 si
519 494 596 534 quid
617 495 713 526 etiam
734 495 853 526 sactum
868 495 918 532 sit,
938 495 1026 535 cujus
1042 505 1103 526 non
1120 495 1217 535 possit
1238 495 1328 526 reddi
1343 495 1434 532 ratio,
1455 496 1577 528 veniam

65 554 171 584 tamen
192 553 291 592 dabit,
313 563 352 584 ne
372 562 427 584 nos
449 552 489 583 ad
510 551 597 583 illam
618 552 868 593 obstringamus⁴
899 552 1127 583 exactissimam
1156 552 1323 583 amicitiam
1345 562 1426 592 quae
1446 563 1577 592 peccare

65 620 128 642 non
148 614 261 651 potest.
283 609 381 649 Quem
402 610 485 642 enim
506 610 604 641 ferret
625 609 702 649 qui⁵
722 612 881 641 errantem
897 609 1034 649 aliquem
1057 609 1191 640 amicum
1207 609 1289 639 ferre
1310 620 1371 640 non
1392 613 1505 650 potest,
1520 614 1578 642 aut

65 667 143 708 quid
163 678 219 708 pro
240 667 294 699 illo
316 667 406 705 ferat,
428 677 520 707 quem
540 667 644 707 ipsum
666 670 803 707 nequeat
823 666 988 706 perferre?
1015 666 1115 697 Tuam
1136 666 1234 706 igitur
1254 667 1466 706 prudentiam,
1488 670 1576 699 tuam

66 724 312 757 moderationem
333 735 368 756 eo
389 725 455 756 loco
476 724 586 762 haben,
607 728 643 756 ut
664 725 761 765 possit
775 727 807 755 et
823 725 959 755 amicum
980 723 1058 754 nihil
1079 727 1261 763 peccantem
1284 733 1441 761 excusare,
1462 728 1494 756 et
1509 735 1576 765 pec-

65 782 160 819 canti,
183 785 219 813 ut
240 782 277 813 fit
297 781 477 822 aliquando,
499 782 621 813 veniam
642 782 834 821 permittere.
865 781 953 812 Haec
973 784 1091 818 autem,
1119 791 1182 811 non
1202 791 1264 821 quo
1277 781 1287 797 ⁶
1308 781 1462 821 quidquid
1483 781 1521 812 de
1543 786 1576 813 te

62 843 120 871 aut
140 840 278 879 suspicer
298 843 354 871 aut
373 840 537 878 audierim,
558 839 611 870 sed
632 849 694 879 quo
709 848 759 869 me
774 839 877 878 ipsum
898 848 1075 878 purgarem,
1096 837 1183 869 dicta
1197 848 1216 869 a
1230 848 1280 869 me
1301 841 1383 868 sunt.
1408 838 1575 870 Caeterum

65 896 113 928 ita
134 896 225 934 habe,
247 897 353 938 magni
374 907 422 928 me
438 897 541 928 facere
562 896 733 928 amicitiam
753 899 852 932 tuam,
873 898 966 935 teque
982 895 1059 926 mihi
1079 895 1164 926 inter
1183 905 1309 935 paucos,
1330 906 1407 936 quos
1427 897 1576 934 noverim,

66 957 99 986 et
119 954 306 986 maturitate
330 954 439 995 judicii
461 957 492 985 et
512 954 675 985 honestate
696 954 778 985 vitae
806 952 975 993 probatum
1009 962 1083 983 esse.
1114 952 1150 983 In
1172 963 1235 992 qua
1265 954 1423 985 sententia
1451 953 1578 985 tametsi

66 1021 163 1043 essem
191 1015 288 1044 antea
315 1011 450 1043 maxime
477 1011 688 1049 solidissimus,
719 1011 832 1042 literae
861 1014 978 1047 tamen,
1011 1020 1092 1050 quae
1117 1014 1191 1041 sunt
1212 1010 1252 1041 ab
1279 1010 1442 1042 Francisco
1469 1014 1576 1042 nostro

63 1079 166 1109 nuper
178 1069 255 1100 mihi
274 1069 427 1106 redditae,
449 1069 579 1109 aliquid,
599 1069 624 1099 si
639 1068 729 1100 modo
751 1067 821 1099 fieri
841 1067 954 1108 potuit,
976 1067 1239 1099 existimationem
1254 1067 1294 1099 de
1315 1071 1346 1099 te
1360 1078 1462 1099 meam
1484 1078 1576 1100 auxe—

63 1129 149 1157 runt.
169 1126 205 1157 In
218 1126 280 1157 illis
303 1127 386 1158 enim
399 1137 495 1167 quam
516 1127 717 1168 magnificum
738 1127 778 1157 sit
791 1126 830 1157 de
845 1131 877 1157 te
895 1125 1050 1167 judicium
1070 1135 1171 1163 suum,
1191 1136 1254 1158 non
1275 1129 1321 1157 est
1340 1130 1377 1158 ut
1391 1126 1466 1157 satis
1480 1126 1575 1167 digne

64 1182 176 1215 efferre
196 1184 318 1224 possim.
341 1185 410 1224 Ipse
431 1184 557 1224 quidem
578 1185 663 1225 apud
685 1185 756 1216 me⁷
777 1184 875 1216 vicem
888 1185 898 1201 ⁸
920 1188 1009 1216 tuam
1023 1184 1146 1225 glorior,
1168 1184 1252 1225 quod
1273 1185 1321 1216 ita
1342 1184 1381 1215 de
1401 1187 1433 1215 te
1455 1184 1502 1215 vir
1522 1183 1577 1215 ille

64 1240 192 1280 sentiat,
214 1243 308 1281 teque
335 1242 382 1273 ita
408 1245 502 1279 amet,
522 1242 576 1282 qui
597 1242 650 1273 es⁹
671 1244 702 1273 et
723 1241 955 1273 amantissimus
976 1242 1046 1279 mei,
1069 1244 1100 1272 et
1121 1244 1196 1273 ante
1217 1251 1323 1273 omnes
1343 1241 1483 1273 homines
1504 1251 1574 1272 meo

60 1297 180 1339 judicio
192 1298 320 1338 primus.
336 1299 453 1330 Verum
469 1309 539 1330 cum
554 1299 696 1339 pluribus
711 1299 809 1330 literis
823 1300 861 1331 de
876 1303 907 1331 te
923 1310 1027 1331 secum
1041 1300 1180 1340 egissem,
1195 1302 1291 1340 atque
1305 1300 1344 1330 ob
1360 1309 1430 1330 eam
1445 1309 1572 1330 causam

63 1356 143 1388 nihil
163 1356 204 1388 ad
225 1358 257 1388 te
277 1356 444 1387 scriberem
465 1356 587 1388 interea
608 1357 691 1396 quod
706 1367 724 1388 a
738 1367 771 1388 se
792 1367 975 1397 responsum
995 1358 1135 1397 operiret
1147 1358 1178 1395 ¹⁰,
1200 1357 1254 1388 ille
1269 1357 1348 1388 nihil
1369 1357 1429 1387 nisi
1448 1356 1576 1387 laudem

59 1413 208 1445 eximiam
235 1413 276 1445 de
296 1416 328 1445 te
355 1413 502 1452 reddidit,
531 1414 619 1454 quasi
646 1414 735 1450 nihil,
764 1425 803 1445 ex
823 1415 1000 1446 conditione
1027 1420 1214 1455 temporum,
1243 1415 1293 1455 agi
1316 1414 1354 1445 de
1375 1424 1413 1445 ea
1433 1424 1467 1445 re
1495 1416 1572 1444 tunc

59 1473 171 1511 posset,
191 1471 285 1511 idque
306 1471 395 1503 nobis
415 1471 550 1512 intelligi
573 1471 669 1503 tacito
691 1471 793 1503 vellet.
817 1471 909 1503 Nunc
930 1482 1011 1510 vero,
1033 1473 1209 1512 compositis
1229 1472 1334 1510 rebus,
1361 1473 1431 1510 erit,
1454 1473 1575 1513 opinor,

60 1531 97 1559 ut
118 1529 214 1568 possit
235 1528 356 1569 aliquid
376 1529 494 1560 confici.
517 1529 563 1566 Id,
591 1529 745 1569 quidquid
764 1529 870 1567 fuerit,
900 1531 932 1561 et
952 1530 1107 1570 quidquid
1127 1530 1167 1561 ad
1188 1540 1237 1561 me
1259 1530 1428 1570 scripserit,
1459 1530 1576 1562 curabo

62 1587 99 1616 ut
119 1595 292 1627 cognoscas,
314 1587 373 1617 nisi
393 1589 430 1617 tu
452 1586 585 1618 forsitan
605 1596 644 1618 ex
665 1596 701 1618 eo
719 1587 786 1627 jam
806 1586 846 1618 de
867 1586 996 1628 singulis
1017 1587 1133 1619 certior
1153 1587 1255 1620 factus
1279 1597 1319 1619 es.
1342 1587 1429 1619 Vale.

761 1778 870 1810 XLIII.

504 1852 735 1885 GASPARINO
757 1853 1023 1885 PERGAMENSI
1045 1853 1071 1885 S.
1096 1854 1132 1885 D.

367 1935 517 1959 BONONJAE
539 1937 578 1958 An
598 1937 709 1960 scnium
729 1937 922 1960 nnsrxssxrmi
944 1930 1028 1960 1414.
1053 1929 1233 1969 (PATAVIUM)
1247 1929 1265 1945 ¹¹

468 2003 532 2038 (Br.
545 2012 576 2038 P-
596 2005 637 2030 :7
647 2013 656 2037 ,·
678 2020 706 2023 —
727 2004 799 2032 PM.
819 2012 840 2032 e.
859 2006 915 2038 .”1,·
935 2021 967 2024 -
987 2004 1051 2033 ΡΡ.
1071 2013 1099 2033 22.
1119 2005 1169 2038 97)

140 2073 324 2105 Franciscus
344 2073 517 2111 Zabarella,
531 2073 559 2105 S.
573 2074 733 2105 Romanae
755 2074 913 2106 Ecclesiae
935 2074 1103 2106 cardinalis
1119 2076 1165 2114 (in
1181 2085 1242 2115 quo
1258 2073 1448 2105 nominando
1463 2078 1573 2105 uterer

62 2130 207 2171 equidem
228 2131 270 2162 ad
290 2134 322 2162 te
343 2131 481 2163 scribens
500 2131 642 2171 superbis
669 2131 730 2162 illis
755 2132 1020 2172 appellationibus
1042 2134 1073 2163 et
1098 2132 1256 2162 invidiosis
1277 2131 1462 2168 nominibus,
1491 2140 1573 2170 quae

59 2188 251 2220 consuetudo
271 2199 355 2219 nunc
374 2188 480 2226 habet,
502 2189 527 2219 si
542 2189 590 2220 vel
611 2189 657 2219 illi
678 2189 802 2228 placere
822 2189 872 2220 vel
892 2192 924 2220 te
939 2190 1149 2230 probaturum
1169 2189 1287 2227 scirem,
1308 2191 1365 2219 aut
1385 2198 1447 2219 non
1467 2188 1567 2228 magis

61 2256 100 2278 ex
118 2246 184 2286 ipso
206 2256 301 2286 quam
320 2246 379 2286 ipsi
401 2256 439 2277 ex
460 2246 614 2287 dignitate
636 2247 797 2278 accessisse
817 2247 990 2287 splendoris
1019 2247 1097 2278 certi
1118 2247 1210 2278 ambo
1232 2246 1392 2285 essemus),
1419 2245 1444 2276 is
1464 2245 1570 2285 igitur,

61 2303 116 2344 qui
136 2304 297 2344 proprium
309 2304 362 2344 jus
378 2306 629 2344 perpetuumque
642 2304 674 2334 in
691 2314 740 2335 me
755 2304 861 2341 habet,
884 2315 981 2344 quum
995 2305 1033 2335 de
1049 2307 1105 2335 tua
1120 2304 1277 2344 probitate
1290 2313 1390 2334 sermo
1405 2303 1573 2340 incidisset,

56 2361 150 2402 jussit
166 2364 201 2392 ut
216 2363 247 2392 te
265 2361 436 2402 diligerem,
455 2361 537 2401 quod
550 2361 616 2401 ipse
629 2372 818 2402 magnopere
843 2361 929 2398 facit,
943 2365 1039 2402 atque
1055 2364 1090 2392 ut
1106 2362 1146 2393 ad
1161 2364 1192 2392 te
1207 2360 1383 2392 scriberem.
1407 2359 1573 2400 Quumque

72 2447 80 2463 ¹
99 2446 155 2475 PP.
168 2447 239 2482 jure
846 2448 857 2465 0
875 2455 931 2481 quo
950 2455 998 2482 per
1016 2446 1114 2482 pei-chi-

71 2491 83 2508 2
100 2491 156 2519 PP.
174 2491 293 2526 mdabat
847 2493 857 2509 ⁷
876 2491 953 2520 Ram.
973 2491 1051 2525 apud
1070 2492 1095 2518 tc

72 2536 83 2553 ³
101 2535 267 2564 Probabilis
286 2536 314 2564 in
334 2544 414 2564 senso
435 2536 462 2564 di
481 2536 667 2572 ragionevole.
686 2536 800 2564 Proba-
847 2536 858 2553 ⁸
878 2536 933 2564 ΡΙ).
952 2536 1051 2564 omette
1071 2535 1158 2562 ricem

94 2579 147 2608 bile
164 2588 256 2616 {yellus
274 2581 421 2609 orationis.
441 2581 496 2609 Cic.
516 2581 591 2608 Part.
611 2580 628 2608 6
844 2582 855 2599 ⁴³
875 2581 930 2608 PP.
950 2582 991 2608 est

71 2624 82 2641 ⁴
105 2623 287 2659 Obstrinycrc
305 2624 334 2652 in
353 2632 435 2653 senso
454 2624 649 2660 d’impegnare
835 2626 856 2642 ¹⁰
875 2626 921 2652 ΒΓ.
940 2624 1001 2652 PM.
1022 2624 1076 2652 PP.
1096 2624 1225 2658 operiret·

71 2669 83 2685 ⁵
100 2668 156 2697 PP.
174 2668 252 2704 qnod
839 2670 857 2686 ¹¹
879 2669 924 2697 Br.
943 2677 956 2697 e
977 2668 1037 2696 PM.
1057 2676 1112 2696 non
1131 2668 1312 2704 aggiuugono
1332 2667 1487 2695 Patavium
