1845 3076
745 169 881 192 neisronn
1505 160 1559 191 131

60 258 118 287 aut
138 255 290 295 aequitati
305 255 324 292 ¹,
346 256 402 286 aut
418 253 474 291 his,
497 263 578 293 quae
591 255 684 284 antea
705 256 779 284 sunt
798 253 930 290 indulta,
949 252 1072 284 facilius
1085 263 1104 284 a
1117 253 1225 284 multis
1245 253 1436 293 deprehendi
1456 255 1562 294 possit,

60 313 93 344 in
108 312 155 343 his
175 322 236 343 non
257 311 326 352 quis
341 311 433 348 dicat,
455 311 508 341 sed
521 310 598 350 quid
617 309 748 350 quisque
763 309 847 341 dicat
866 310 1098 342 animadvertit.
1119 311 1297 351 Parumque
1312 311 1396 343 valet
1416 312 1562 344 interces—

60 369 135 400 soris
156 369 267 409 gratia,
287 368 311 398 si
327 377 376 398 res
397 367 464 407 ipsa
484 376 540 407 per
560 377 592 398 se
606 376 668 397 non
688 367 728 396 sit
741 376 851 406 aequa.
872 366 1033 398 calamum
1054 367 1152 404 illum,
1172 378 1234 408 quo
1253 368 1365 409 signat,
1385 379 1456 400 cum
1477 369 1562 401 levis-

60 426 155 457 simus
169 426 210 457 sit
222 428 347 462 natura,
362 434 423 455 non
438 424 531 455 aliter
551 426 657 455 tamen
670 425 837 461 tractatur,
851 434 945 463 quam
959 424 983 454 si
998 424 1108 455 molem
1125 425 1282 464 ingentem
1296 425 1400 466 digitis
1414 429 1561 459 versaret.

59 482 109 514 Ita
128 482 174 513 illi
195 481 382 522 dispensatio
403 481 480 512 haec
500 480 601 521 gravis
620 490 811 520 onerosaque
832 480 963 517 videtur,
979 490 1040 511 non
1054 481 1244 521 gratificanti
1266 483 1391 522 quidem
1404 484 1423 521 2,
1444 494 1508 524 qua
1527 484 1561 515 in

58 550 94 571 re
107 549 228 570 summa
249 541 296 571 est
309 538 338 569 ei
358 537 510 577 voluptas,
531 537 585 568 sed
605 547 644 568 ne
659 537 729 577 plus
749 537 890 568 minusve
909 547 1004 577 quam
1024 537 1065 568 sit
1084 548 1217 578 aequum
1241 540 1365 570 concedi
1376 542 1386 557 ³
1408 540 1560 573 videatur.

60 595 129 634 Qua
148 596 278 634 ratione,
300 605 338 626 ne
359 594 405 625 sui
427 605 550 635 quoque
577 594 672 634 ipsius
693 604 804 634 parum
824 594 930 634 largus
950 594 1047 626 videri
1067 595 1170 634 possit,
1198 596 1252 635 qui
1273 596 1305 626 in
1327 597 1486 636 publicum
1508 598 1562 629 1111-

58 653 222 684 nisterium
243 655 421 692 assumptus
441 652 491 689 sit,
513 651 635 683 labores
657 651 790 682 sustinet
803 661 903 691 paene
922 651 1134 683 intolerabiles
1154 655 1186 683 et
1200 654 1434 693 occupationem
1455 665 1562 695 prope-

58 709 184 741 modum
205 709 371 741 infinitam.
402 709 519 740 Omitto
541 708 623 739 enim
651 708 932 739 antemeridianum
960 711 1091 749 tempus,
1122 710 1210 750 cujus
1237 720 1368 742 munera
1388 722 1444 751 pro
1465 712 1562 744 officio

59 766 175 807 negligi
188 766 318 798 fortasse
332 776 393 797 non
408 766 510 803 liceat,
525 766 733 797 assistentiam
747 765 872 805 quidem
887 775 1045 797 sacrorum
1056 767 1203 806 quotidie,
1219 767 1349 798 alternis
1364 779 1435 799 vero
1449 769 1560 802 diebus

58 834 142 855 nuno
162 824 355 855 audientiam
376 823 535 863 publicam
555 833 639 854 nunc
659 823 751 854 solita
770 823 949 854 consistoria
969 826 1000 854 et
1020 834 1076 863 pro
1097 825 1384 864 opportunitatibus
1404 836 1509 858 rerum
1525 838 1562 858 30

57 883 232 921 temporum
254 881 380 921 publica
405 881 453 911 vel
474 880 606 920 privata.
628 880 746 911 Verum
773 880 849 920 quid
871 883 919 911 est
940 880 1023 920 quod
1043 891 1114 911 eum
1141 881 1281 913 videmus
1301 885 1420 914 aestate
1447 883 1561 922 media,

59 938 147 979 cujus
167 938 366 978 intemperies
386 938 543 969 molestior
564 947 628 969 esse
649 948 744 978 quam
764 938 882 979 hyemis
902 938 989 975 solet,
1006 949 1024 969 a
1038 938 1165 970 meridie
1178 939 1210 969 in
1223 939 1295 970 solis
1316 950 1466 979 occasum,
1487 951 1560 972 non-

56 1006 218 1036 nunquam
239 995 333 1027 etiam
348 996 380 1026 in
396 995 494 1026 noctis
512 996 668 1032 tenebras,
682 995 800 1032 sedere,
814 1005 898 1026 1111110
911 995 1085 1035 signantem
1101 995 1231 1033 libellos,
1245 1007 1329 1028 nunc
1342 997 1561 1030 decernentem

58 1053 213 1094 epistolas,
241 1063 324 1083 nunc
352 1052 521 1092 legationes
549 1052 738 1090 audientem,
768 1063 851 1083 nunc
870 1053 1064 1085 decidentem
1095 1054 1218 1094 negotia
1238 1054 1452 1094 privatorum?
1480 1055 1562 1086 Nam

57 1121 137 1151 quae
151 1110 192 1142 ad
212 1110 403 1150 reipublicae
426 1119 551 1141 causam
572 1110 708 1141 attinent
729 1110 862 1141 tractari
883 1111 980 1150 magis
995 1121 1032 1141 ac
1047 1110 1158 1141 discuti
1178 1112 1209 1141 in
1224 1111 1353 1151 privatis
1374 1112 1562 1144 consistoriis

57 1167 96 1199 de
118 1167 250 1198 fratrum
279 1167 405 1198 consilio
426 1177 621 1198 consuevere.
649 1166 712 1198 Nec
733 1177 804 1198 vero
826 1167 885 1198 nisi
904 1167 1020 1198 auditis
1039 1168 1191 1205 omnibus,
1219 1169 1273 1208 qui
1296 1171 1353 1199 aut
1381 1169 1486 1200 adsint
1505 1173 1564 1201 aut

55 1236 112 1266 pro
132 1228 272 1265 tempore
293 1225 395 1257 audiri
411 1225 420 1241 ⁴
442 1225 602 1265 potuerint
617 1226 636 1263 ⁵,
658 1225 858 1257 refectionem
870 1236 982 1266 capere
999 1228 1054 1257 aut
1074 1226 1211 1266 quietem
1231 1226 1304 1257 sinit
1315 1227 1333 1257 ’ἰ
1357 1226 1560 1259 Caeterarum

56 1282 194 1314 omnium
223 1292 329 1313 rerum
350 1282 451 1322 potior
472 1285 520 1314 est
540 1282 586 1313 1111
607 1293 683 1313 cura
703 1293 798 1322 quam
818 1283 875 1319 suj,
903 1293 948 1320 ac,
968 1283 1027 1313 nisi
1047 1293 1066 1314 a
1088 1283 1235 1314 ministris
1262 1283 1311 1315 vel
1330 1284 1371 1315 ab
1392 1284 1470 1315 hora
1493 1285 1562 1325 jam

55 1340 271 1380 intempestiva
292 1342 464 1378 moneatur,
486 1350 588 1379 neque
608 1340 669 1371 cibi
690 1350 791 1380 neque
820 1341 928 1377 somni,
950 1351 1052 1381 neque
1072 1341 1216 1381 propriae
1243 1341 1479 1379 commoditatis,
1506 1352 1564 1382 pro

55 1397 157 1428 studio
177 1397 267 1428 officii
287 1407 443 1436 causaque
464 1396 590 1436 publica
603 1397 622 1434 ⁷,
644 1398 795 1428 meminit.
816 1397 887 1429 Non
907 1401 1028 1428 aestum
1050 1398 1132 1429 inter
1151 1397 1228 1429 haec
1249 1408 1350 1438 neque
1368 1398 1474 1439 frigus,
1498 1409 1559 1430 non

56 1453 169 1485 famem
184 1454 305 1485 sitimve
326 1454 443 1485 sentire
456 1453 604 1491 creditur,
626 1464 810 1494 semperque
832 1455 985 1485 recentior
998 1455 1038 1485 ad
1052 1454 1208 1495 agendum
1229 1456 1363 1495 resurgit
1377 1466 1472 1495 quam
1486 1459 1560 1487 ante

57 1511 239 1543 consederat
259 1512 277 1542 ⁸.
306 1510 426 1542 Labore
454 1511 578 1542 videtur
605 1512 720 1542 nutriri
752 1522 788 1542 ac
812 1512 925 1548 studio,
954 1512 1059 1552 quiete
1086 1512 1225 1543 13113119.
1255 1513 1313 1551 Qui
1340 1523 1410 1544 cum
1435 1513 1565 1545 diversis

56 1568 234 1600 ministeriis
248 1569 383 1600 diversos
394 1569 550 1600 ministros
563 1569 721 1605 adhibeat,
737 1579 817 1600 unus
832 1572 938 1600 tamen
959 1569 1113 1609 patientia
1126 1569 1269 1601 laborum
1282 1571 1303 1587 ¹⁰
1315 1581 1420 1602 omnes
1435 1571 1556 1611 fatigat,

55 1626 120 1666 ipse
136 1626 340 1666 infatigabilis
360 1636 497 1657 manens.
521 1626 586 1657 Nec
599 1636 672 1657 vero
693 1628 738 1657 est
754 1626 830 1657 haee
842 1627 862 1643 ¹¹
880 1626 970 1657 um'us
983 1626 1046 1658 diei
1066 1629 1191 1657 tantum
1207 1627 1260 1658 sed
1273 1628 1457 1667 quotidiana
1478 1628 1562 1659 illius

54 1683 126 1714 vita.
148 1683 219 1714 Non
234 1683 284 1714 die
307 1683 384 1714 festo
403 1687 504 1721 vacat,
526 1694 587 1714 non
606 1683 690 1714 feriis
711 1684 836 1714 otiatur.
859 1684 998 1723 Cumque
1018 1684 1065 1714 illi
1080 1684 1163 1715 inter
1183 1685 1261 1716 haec
1276 1685 1298 1701 ¹²
1317 1696 1422 1716 omnes
1443 1696 1564 1725 compa-

54 1741 186 1780 tiantur,
208 1751 288 1771 unus
308 1741 373 1781 ipse
395 1751 455 1771 non
476 1741 641 1772 miseretur
661 1741 716 1772 sui.
738 1742 782 1772 At
797 1741 818 1758 ¹³
839 1741 914 1771 mihi
935 1741 1059 1781 quidem
1081 1741 1205 1773 videtur
1227 1745 1258 1773 et
1279 1743 1420 1780 caeteris,
1441 1743 1495 1782 qui
1517 1743 1555 1773 de

53 1798 114 1829 hac
134 1807 226 1838 saepe
246 1808 278 1829 re
300 1798 473 1838 loquuntur
487 1798 507 1815 ¹⁴
529 1809 589 1829 non
610 1798 701 1829 modo
721 1798 931 1838 principatum
948 1799 977 1837 ¹⁵,
999 1799 1053 1831 sed
1075 1802 1106 1830 et
1127 1799 1224 1830 totius
1238 1800 1321 1831 orbis
1341 1800 1516 1840 imperium,
1534 1800 1560 1831 si

53 1855 203 1896 possideri
218 1855 311 1887 simul
326 1856 431 1895 possit,
451 1855 681 1887 admittendum
694 1856 716 1873 ¹⁶
728 1866 789 1887 non
806 1866 878 1887 esse.
894 1856 935 1886 Et
948 1856 1057 1888 liceret
1073 1857 1198 1897 quidem
1212 1857 1249 1894 ei,
1264 1867 1349 1888 more
1366 1857 1562 1897 superiorum

54 1912 244 1953 pontificum,
258 1913 381 1952 parcius
396 1913 434 1944 de
449 1923 480 1944 se
493 1923 596 1953 agere,
616 1913 747 1953 sibique,
762 1923 824 1944 non
836 1924 893 1953 pro
907 1913 1087 1945 valetudine
1106 1915 1281 1945 necessaria
1292 1915 1322 1952 ¹⁷,
1343 1925 1451 1946 verum
1465 1915 1560 1946 etiam

54 1980 111 2010 pro
132 1970 326 2001 relaxatione
346 1971 452 2008 animi,
471 1970 629 2001 interdum
649 1970 821 2011 indulgere.
844 1971 915 2011 Ipse
935 1981 1008 2003 vero
1028 1971 1105 2002 dum
1124 1982 1182 2003 nec
1203 1972 1298 2012 egisse
1326 1976 1419 2012 putat
1439 1972 1465 2003 si
1487 1973 1563 2013 qm'd

54 2027 210 2068 agendum
231 2030 338 2065 restet,
359 2037 478 2059 summo
499 2027 684 2067 pontificatu
704 2028 748 2058 sic
767 2029 879 2065 utitur,
900 2030 937 2059 ut
958 2039 1013 2068 pro
1033 2031 1099 2059 tam
1118 2028 1243 2060 sublimi
1259 2031 1345 2060 statu
1365 2029 1455 2070 longe
1476 2033 1565 2070 opta-

53 2084 146 2116 bilius
167 2085 196 2116 ei
217 2084 313 2115 fuerit
333 2084 430 2116 vitam
450 2085 594 2116 sortitum
615 2095 679 2116 esse
699 2086 864 2125 privatam.
887 2085 964 2117 Cum
985 2086 1068 2117 inter
1088 2085 1165 2117 haec
1183 2089 1288 2117 tamen
1310 2089 1341 2117 et
1361 2089 1484 2118 tantam
1504 2087 1561 2118 sol-

53 2141 256 2179 licitudinem,
278 2152 342 2182 qua
355 2142 407 2173 vix
426 2142 522 2182 possit
537 2142 637 2183 maJ'or
656 2143 799 2180 inveniri,
813 2146 887 2174 sunt
901 2143 955 2183 qui
969 2144 1201 2175 cunctationem
1215 2143 1248 2174 in
1263 2154 1298 2175 eo
1312 2144 1562 2184 reprehendunt,

66 2255 73 2272 ¹
96 2253 257 2281 Veramente
270 2253 294 2280 si
308 2253 366 2281 dice
378 2252 527 2280 dissonare
539 2252 574 2280 ab
587 2252 686 2287 aliqua
700 2260 729 2280 re
830 2254 851 2271 <⁰
870 2253 916 2283 Gr,
930 2253 1020 2282 labori

65 2298 76 2316 ‘2
95 2297 142 2326 Gr.
155 2306 168 2325 e
182 2298 243 2326 PM.
258 2297 338 2325 Nam
348 2296 536 2332 gratificandi
827 2299 846 2316 ¹¹
870 2298 916 2326 Gr.
930 2299 1005 2326 circa
1018 2299 1086 2327 haec

65 2343 75 2361 ³
92 2341 145 2370 Nei
158 2341 245 2370 codici
258 2349 355 2369 manca
367 2340 479 2369 concedi
825 2342 848 2361 ¹2
867 2342 913 2370 Gr.
928 2342 1147 2379 intereutiones3
1165 2343 1237 2371 altro
1255 2343 1346 2372 codice
1360 2344 1389 2372 in
1403 2353 1463 2373 esso
1477 2346 1564 2375 citato

62 2385 75 2406 ⁴
93 2386 139 2414 Gr.
153 2386 213 2414 PM.
227 2385 386 2421 amlictari3
406 2385 467 2412 PM.
481 2384 539 2413 dice
552 2385 600 2413 che
613 2385 684 2414 altro
697 2385 789 2414 codice
858 2387 1061 2416 intercationcs
1072 2402 1077 2423 ς
1090 2387 1151 2416 ΡΜ.
1164 2388 1238 2416 inter
1250 2388 1303 2417 lias
1316 2390 1443 2418 actiones

88 2431 125 2459 ha
137 2431 236 2458 audiri
828 2431 849 2450 ¹³
868 2431 921 2459 Nei
935 2431 1020 2459 codici
1033 2434 1065 2459 ut

65 2476 76 2495 ⁵
94 2475 140 2503 Gr.
147 2476 309 2510 potuerunt
827 2475 849 2494 Ν
868 2475 914 2504 Gr.
926 2475 1063 2510 loquatur

64 2521 75 2540 Ε
93 2520 153 2549 ΓΜ.
168 2521 266 2548 omette
278 2520 361 2555 sinist
375 2519 421 2548 Gr.
434 2519 471 2548 ha
484 2519 525 2548 ita
826 2520 848 2538 ¹5
867 2520 914 2548 Gr.
932 2528 947 2547 e
966 2520 1026 2547 PM.
1040 2522 1201 2557 papatuum
1225 2521 1296 2550 altro
1315 2522 1407 2551 coffice
1426 2523 1511 2552 citato
1530 2525 1567 2553 da

63 2565 75 2584 ⁷
93 2565 139 2594 Gr.
151 2572 309 2599 causaeque
315 2564 450 2599 publicae
861 2564 907 2592 Gr.
915 2564 1114 2600 principatum

63 2609 73 2628 ⁸
93 2610 138 2638 Gr.
151 2609 315 2637 concederat
827 2609 850 2628 ¹5
867 2608 1034 2642 Admittcrc,
1049 2611 1126 2637 tener
1138 2617 1186 2645 per
1199 2610 1291 2639 buono

63 2653 75 2673 ⁹
91 2653 152 2683 PM.
165 2653 271 2682 lassari
827 2653 848 2671 ¹⁷
866 2653 927 2681 PM.
942 2655 1064 2682 naturae
