1845 3076
235 151 292 181 116
868 157 892 180 P.
915 157 942 179 P.
963 157 1113 180 vnnonmo

235 244 421 281 vetustaque
435 241 555 277 debuit,
569 240 675 272 odium
690 251 728 271 ex
742 240 865 280 integro
879 241 1026 272 nascitur.
1045 240 1104 271 Res
1118 241 1199 272 mira
1212 251 1309 281 quum
1324 241 1370 273 ita
1390 242 1530 282 legetur:
1558 242 1690 274 Carolus
1708 244 1744 275 de

232 299 427 335 IlIaIatestz's,
442 298 530 329 victis
544 298 725 338 firmatisque
746 298 831 336 apud
845 297 1016 328 Illantuam
1030 297 1175 336 hostibus,
1192 301 1228 329 ut
1240 299 1276 329 de
1290 299 1391 339 poetis
1404 309 1517 339 quoque
1533 300 1746 340 triumpharet,

233 356 343 396 quibus
363 358 441 386 esset
459 355 555 386 hostis
575 355 805 394 infestissimus,
827 357 976 392 statuam,
998 365 1076 394 quae
1095 356 1129 386 in
1149 355 1289 386 honorem
1316 355 1441 396 Vz'rgn'lz'z'
1459 356 1566 388 multis
1586 359 1666 388 retro
1681 368 1746 389 sae-

231 413 310 445 culis
331 414 468 449 steterat,
489 413 604 443 evertit.
626 412 650 442 Ο
672 412 793 443 facinus
814 411 988 451 indiguum,
1008 423 1026 443 0
1040 412 1141 443 scelus
1161 413 1246 444 omni
1266 413 1390 444 saeculo
1412 413 1651 445 detestandum!
1674 414 1745 446 Una

232 480 306 510 ergo
336 469 466 500 victoria
488 472 519 500 et
540 469 636 500 hostis
663 469 781 500 finibus
810 471 841 500 et
862 468 1011 509 Virgilius
1032 469 1136 508 patria
1164 479 1220 500 sua
1240 469 1349 509 pulsus
1376 470 1446 501 est?
1471 470 1570 510 ldque
1598 471 1694 502 etiam
1715 474 1747 503 et

234 527 379 567 princeps
393 526 489 563 urbis,
512 529 543 557 et
556 527 691 567 populus
712 526 857 566 patitur?
877 527 921 557 At
940 537 1002 557 non
1017 526 1063 557 ita
1078 526 1115 557 de
1131 537 1162 557 se
1175 527 1290 557 merita
1310 527 1385 558 urbs
1397 527 1453 558 illa
1474 527 1588 565 fuerat,
1609 528 1643 559 in
1657 529 1746 569 cujus

231 594 347 623 casum,
368 595 440 615 011111
455 584 606 615 militibus
628 584 832 621 divideretur,
853 584 937 624 quod
959 586 1039 615 esset
1054 584 1184 614 nimium
1205 584 1336 615 miserae
1357 584 1527 616 Cremonae
1543 585 1644 616 vicina
1659 585 1748 617 lacri—

231 652 315 673 moso
336 641 474 672 carmine
489 641 542 672 ille
564 644 692 681 questus
708 643 761 672 est.
783 641 920 672 Faetidis
942 641 1071 672 fortasse
1093 641 1263 681 paludibus
1277 641 1339 672 suis
1353 644 1385 672 et
1404 641 1512 672 insano
1525 652 1597 673 aere
1612 643 1746 674 Mantua

233 699 320 730 clara
342 699 411 729 est?
438 700 489 729 An
508 709 571 729 non
592 699 690 738 magis
711 709 749 729 ex
770 699 889 736 Manto,
917 698 974 729 illa
997 698 1216 738 antiquissima
1245 698 1410 739 Tyraesiae
1431 699 1506 736 filia,
1534 710 1615 739 quae
1636 701 1746 731 urbem

234 756 384 793 condidit,
407 759 438 787 et
459 756 558 795 magis
580 766 617 787 ex
639 758 732 795 poeta
746 756 885 795 Virgilio,
908 756 975 795 ejus
991 756 1076 786 urbis
1097 755 1246 786 alumno?
1268 755 1334 794 Quo
1356 756 1484 796 quidem
1498 757 1563 787 cive
1586 758 1636 797 (ut
1652 757 1745 797 hujus

231 824 308 854 pace
331 813 479 853 dixerim)
496 813 659 852 aliquanto
681 813 841 853 gloriosior
856 815 902 844 est
922 813 1065 849 Mantua,
1087 823 1181 852 «piam
1197 813 1373 843 Arimimun
1393 823 1448 844 suo
1470 814 1610 854 principe
1626 814 1745 845 Carolo.

231 871 344 902 Melior
364 871 493 902 Homeri
507 881 571 901 sors
587 871 654 909 fuit⁷
667 881 760 910 quem
774 871 911 910 primum
926 873 1091 910 poetarum
1107 870 1218 901 Graeci
1233 870 1362 907 faciunt,
1379 872 1411 901 et
1426 871 1523 901 nostri
1540 881 1603 902 non
1617 874 1743 911 negant,

231 929 257 959 si
277 928 369 959 modo
393 928 542 968 Virgilius
564 930 713 967 exceptus
733 928 781 958 sit.
806 927 918 958 Melior
938 927 1064 967 quidem
1086 937 1151 958 sors
1177 927 1244 967 ejus
1266 927 1335 964 fuit,
1357 938 1459 967 quem,
1489 938 1561 958 cum
1581 938 1644 968 qua
1665 931 1745 960 esset

230 987 336 1026 patria
351 985 561 1025 ignoraretur,
577 985 732 1024 plurimae
747 984 897 1015 Graeciae
910 985 1054 1016 civitates
1069 985 1167 1015 civem
1188 994 1279 1015 suum
1299 984 1457 1016 dixerunt.
1472 985 1573 1023 Hunc,
1592 986 1647 1025 qui
1660 985 1745 1017 unde

229 1043 270 1074 sit
291 1045 422 1079 constat,
443 1043 552 1073 civitas
573 1052 629 1072 sua
651 1042 744 1082 ejicit.

310 1100 350 1130 Et
364 1100 402 1131 de
419 1100 500 1131 facto
522 1100 681 1130 hactenus.
697 1099 789 1130 Nunc
804 1099 842 1130 de
864 1099 939 1130 facti
959 1109 1086 1130 causam
1100 1109 1214 1138 operae
1235 1099 1393 1138 praetium
1414 1102 1460 1130 est
1481 1100 1595 1131 videre.
1610 1100 1670 1131 Sed
1690 1101 1744 1131 im-

229 1158 338 1197 primis
360 1168 474 1188 novum
495 1156 652 1197 religionis
672 1156 742 1187 vide
764 1166 870 1196 genus,
898 1156 959 1187 imo
980 1166 1053 1187 vero
1075 1156 1312 1195 superstitionis.
1341 1156 1461 1187 Sanctis
1482 1157 1591 1188 deberi
1611 1161 1744 1196 statuas,

229 1215 293 1251 ait;
316 1215 416 1254 poetis
431 1217 535 1255 negat,
558 1217 653 1253 atque
669 1214 743 1245 huic
756 1214 859 1244 minus
874 1214 929 1253 qui
944 1213 1067 1253 gentilis
1089 1215 1166 1244 erat.
1190 1212 1259 1244 Non
1281 1223 1349 1244 sum
1365 1214 1419 1254 qui
1433 1225 1553 1254 negem,
1577 1217 1608 1246 et
1621 1218 1745 1247 statuas

230 1275 262 1303 et
283 1272 415 1303 honores
435 1272 554 1302 Sanctis
568 1271 686 1308 deberi,
708 1272 762 1311 qui
784 1271 897 1302 merito
916 1271 999 1302 vitae
1019 1271 1238 1310 virtutumque
1259 1271 1402 1302 doctrina
1424 1272 1509 1312 digni
1524 1274 1599 1303 suut
1618 1275 1655 1303 ut
1669 1273 1746 1304 cele-

227 1330 360 1361 brentur
380 1330 412 1359 iu
433 1329 535 1366 terris,
556 1332 588 1360 et
608 1329 641 1359 111
655 1329 748 1360 coelis
769 1329 897 1360 beatam
918 1328 1204 1367 sempiternamque
1225 1328 1322 1359 vitam
1335 1331 1439 1368 agant.
1463 1329 1566 1360 Poetis
1580 1340 1653 1361 vero
1674 1330 1746 1362 illu·

227 1387 344 1418 stribus
366 1397 427 1417 11011
442 1387 531 1417 video
552 1397 608 1417 cur
623 1386 770 1417 constitui
791 1397 852 1417 non
868 1385 997 1426 possint.
1018 1385 1049 1416 Si
1065 1385 1148 1416 0111111
1169 1395 1282 1416 munus
1303 1386 1368 1417 tale
1387 1387 1420 1417 in
1435 1396 1543 1417 eorum
1563 1387 1746 1419 memoriam

228 1444 296 1476 fieri
317 1444 404 1481 solet,
421 1444 496 1483 quia
515 1443 654 1474 illustres
668 1446 699 1474 et
715 1444 747 1473 in
760 1444 826 1474 vita
847 1447 1042 1483 praestantes
1064 1444 1191 1481 fuerint,
1214 1444 1290 1484 quid
1305 1447 1399 1482 vetat,
1416 1454 1455 1474 ne
1470 1445 1596 1476 vatibus
1611 1455 1744 1485 quoque,

227 1502 253 1533 si
273 1502 327 1542 qui
349 1504 476 1541 praeter
497 1503 637 1532 caeteros
658 1501 792 1541 insignes
815 1503 899 1539 sunt,
919 1501 1031 1532 talium
1053 1512 1159 1532 rerum
1181 1504 1387 1533 monumenta
1409 1501 1610 1533 debeantur?
1640 1502 1745 1533 ¹Nam

228 1563 260 1591 et
280 1560 421 1600 posteris,
443 1569 514 1590 cum
530 1559 607 1590 haec
623 1558 740 1596 vident,
762 1569 876 1599 magna
890 1561 963 1589 sunt
983 1559 1189 1591 incitamenta
1209 1559 1395 1596 animorum,
1416 1559 1611 1600 ingeniisque
1631 1560 1673 1591 ad
1687 1560 1745 1591 vir—

226 1619 329 1648 tutem
356 1619 453 1656 atque
480 1617 564 1647 vitae
592 1616 722 1656 gloriam
749 1616 858 1656 ingens
885 1616 1011 1647 calchar
1033 1627 1070 1647 ex
1092 1616 1140 1647 his
1159 1616 1297 1655 additur,
1326 1617 1463 1657 qualiter
1489 1617 1611 1649 solebat
1639 1617 1743 1650 dicere

227 1674 337 1714 Scipio,
357 1685 428 1705 cum
446 1673 620 1705 illustrium
640 1674 778 1704 virorum
792 1673 944 1713 imagines
965 1676 1117 1711 cerneret,
1132 1684 1320 1714 magnopere
1342 1684 1375 1705 se
1390 1674 1431 1705 ad
1451 1675 1659 1706 imitationem
1675 1685 1744 1707 con-

227 1732 328 1763 citari.
357 1731 497 1771 Cumque
516 1731 575 1762 hoc
595 1730 695 1771 poetis
714 1740 770 1762 suo
791 1731 880 1770 quasi
905 1731 978 1771 jure
998 1731 1176 1769 concedam,
1204 1741 1267 1762 non
1288 1731 1440 1763 interdico
1468 1734 1576 1763 tamen
1601 1734 1744 1772 caeteris,

226 1789 283 1829 qui
303 1789 410 1829 aliquo
431 1791 516 1819 recto
538 1788 644 1819 studio
666 1790 723 1818 aut
742 1788 866 1828 egregio
887 1787 1020 1819 artificio
1041 1789 1176 1828 insignes
1197 1788 1338 1820 fuerunt.
1358 1789 1469 1829 Neque
1491 1790 1584 1828 enim,
1607 1793 1644 1822 ut
1664 1790 1744 1823 alios

225 1846 344 1884 sileam,
365 1845 604 1886 redarguendus
623 1845 650 1876 is
670 1845 747 1876 mihi
766 1845 900 1883 videtur,
923 1845 977 1885 qui
998 1856 1068 1876 cum
1084 1845 1247 1876 Palladem
1267 1846 1417 1884 finxisset,
1438 1847 1471 1878 in
1492 1848 1559 1887 ejus
1574 1857 1607 1878 se
1629 1847 1741 1888 aegide

226 1904 363 1935 medium
375 1903 512 1943 sculpsit.
527 1903 577 1933 An
591 1902 722 1934 fortasse
738 1902 870 1933 ducibus
880 1902 951 1933 solis
965 1905 1087 1934 statuas
1102 1903 1220 1934 habere
1234 1903 1350 1941 licebit,
1363 1914 1434 1935 cum
1449 1907 1556 1936 tamen
1570 1905 1603 1935 in
1615 1905 1742 1937 illorum

224 1962 321 2002 gestis
349 1961 536 2001 plerumque
564 1960 744 1991 dominetur
772 1959 908 1996 fortuna,
935 1959 969 1990 in
989 1960 1100 1991 horum
1122 1960 1233 1991 studiis
1258 1961 1446 1992 minimum?
1473 1961 1586 2002 Neque
1607 1962 1690 1993 enim
1710 1963 1744 1993 in

226 2020 322 2051 rebus
334 2018 454 2059 ingenii
474 2018 576 2049 ullum
597 2019 644 2049 est
661 2018 713 2058 jus
735 2016 889 2048 fortunae.
912 2018 962 2047 An
976 2017 1083 2058 magni
1098 2018 1192 2049 duces
1212 2018 1341 2059 indigne
1355 2018 1477 2050 ferrent
1494 2019 1580 2051 hunc
1593 2019 1743 2051 honorem

223 2077 350 2109 vatibus
364 2076 464 2113 reddi,
477 2075 532 2116 qui
547 2075 697 2106 honorem
713 2076 745 2105 et
757 2074 940 2106 memoriam
955 2084 993 2105 ex
1008 2075 1133 2106 vatibus
1146 2075 1289 2107 habent?
1309 2076 1409 2107 Absit.
1427 2076 1499 2108 Non
1512 2077 1596 2108 enim
1610 2077 1741 2118 dignum

224 2137 280 2173 est,
301 2137 337 2165 ut
357 2134 413 2174 qui
434 2133 567 2164 ducibus
586 2132 717 2173 gloriam
737 2131 876 2172 pariunt,
897 2132 959 2162 illis
980 2131 1074 2163 duces
1095 2142 1183 2164 suam
1211 2133 1373 2164 invideant
1393 2133 1533 2174 gloriam.
1562 2134 1647 2165 Illud
1667 2145 1741 2166 vero

223 2192 399 2233 praeterire
420 2201 483 2222 non
503 2200 636 2231 possum,
658 2190 741 2230 quod
755 2189 915 2229 Virgilius,
936 2189 1012 2229 quia
1026 2189 1151 2230 gentilis
1171 2190 1277 2228 fuerit,
1299 2190 1446 2232 indignus
1461 2191 1503 2222 sit
1523 2194 1639 2223 statua.
1654 2191 1740 2223 Simi-

224 2249 318 2290 leque
340 2249 399 2280 hoc
412 2247 490 2279 mihi
509 2247 635 2279 videtur
654 2257 762 2278 eorum
783 2247 907 2286 rationi,
928 2247 992 2287 qui,
1006 2257 1078 2278 cum
1098 2247 1131 2277 in
1146 2247 1271 2287 templis
1292 2247 1488 2280 Judaeorum
1509 2248 1739 2289 gentiliumque

226 2307 378 2347 imagines
389 2305 506 2343 vident,
517 2305 675 2337 Christum
688 2306 745 2335 aut
756 2304 992 2335 verberantium
1006 2306 1064 2336 aut
1076 2304 1333 2345 crucifigentium,
1345 2305 1450 2337 oculos
1464 2306 1535 2342 illis,
1550 2308 1587 2337 ut
1601 2306 1740 2346 quisquis

225 2364 338 2396 iratior
357 2363 482 2395 videtur
501 2364 627 2399 eruunt,
648 2361 906 2401 truculentasque
920 2361 1066 2393 lictorum
1081 2361 1184 2400 facies,
1205 2372 1243 2393 ex
1256 2363 1357 2409 multa
1377 2363 1527 2403 religione
1548 2363 1738 2404 pietateque,

226 2421 415 2460 deformant,
436 2420 526 2461 quasi
545 2419 673 2460 quidem
692 2419 726 2450 in
746 2419 887 2450 delendis
910 2419 1109 2460 imaginibus,
1130 2430 1167 2450 ac
1186 2430 1249 2451 non
1269 2420 1367 2461 magis
1387 2420 1420 2451 in
1436 2421 1581 2452 tollendis
1602 2421 1737 2461 peccatis

225 2478 509 2519 componendisque
526 2477 704 2515 virtutibus,
725 2477 873 2508 meritum
895 2477 976 2508 vitae
989 2477 1148 2508 consistat.
1169 2477 1190 2508 J
1192 2487 1243 2508 am
1265 2487 1336 2518 ergo
1350 2480 1382 2509 et
1396 2478 1569 2510 Pharaonis
1584 2478 1737 2519 imagines

237 2602 245 2619 ¹
266 2600 318 2633 Qui
337 2600 346 2627 i
365 2600 431 2627 testi
449 2598 580 2634 stampati
599 2598 764 2633 migliorauo
783 2598 862 2626 bensi
882 2598 962 2634 ime„
1035 2598 1064 2626 iu
1083 2599 1161 2627 modo
1176 2599 1211 2627 da
1222 2599 1415 2628 conformarmi
1433 2600 1537 2636 quanto
1556 2600 1604 2636 pin
1618 2608 1664 2629 era
1676 2608 1737 2636 pos-

259 2654 304 2673 ma
322 2646 421 2679 troppo
439 2652 468 2671 se
488 2651 522 2671 ne
541 2642 701 2679 dilungano.
724 2642 828 2676 Quindi
846 2642 963 2670 corressi
1033 2642 1114 2671 sibile
1132 2652 1149 2671 a
1167 2643 1257 2679 questi
1276 2643 1375 2674 ultimi.
