1845 3076
230 136 288 167 108
861 143 887 166 r.
907 143 932 166 P.
955 143 1103 167 VERGrmo

921 302 1043 334 LXXX.

734 394 889 427 SANOTO
910 395 965 426 DE
987 395 1232 428 PEREGRINIS

941 470 969 502 S.
991 471 1021 502 d.

599 545 668 580 (Br.
681 554 714 580 p.
733 546 793 579 69;
814 562 845 565 —
866 546 939 575 PM.
958 555 979 575 e.
1000 547 1077 581 133;
1097 563 1129 566 ——
1150 547 1213 575 PP.
1231 556 1260 575 oz.
1280 547 1359 583 124.)

281 624 369 655 Nihil
390 626 437 655 est
458 624 543 665 quod
567 625 600 655 in
621 626 804 665 praesentia
831 626 929 666 magis
951 625 1092 664 debeam,
1121 629 1178 658 aut
1198 627 1281 666 quod
1306 627 1475 668 jucundius
1503 627 1627 668 exigere
1648 638 1668 659 a
1687 638 1737 660 me

222 682 346 722 possim,
360 692 456 722 quam
472 685 508 714 ut
523 684 554 714 et
569 685 673 714 tecum
688 685 719 713 et
734 682 773 713 de
787 682 814 714 S.
831 683 1020 724 Hieronymo
1034 683 1146 715 dicam.
1165 683 1268 722 Quum
1284 685 1366 715 enim
1381 687 1494 725 quarto
1506 685 1573 726 jam
1586 685 1738 726 superiori

222 749 305 770 anno
325 739 414 779 quasi
429 742 499 771 voto
520 740 656 780 quodam
671 740 875 771 constitutum
890 751 910 772 a
930 751 978 771 me
993 740 1090 772 suerit
1110 744 1147 772 ut
1166 741 1199 772 in
1219 741 1356 781 singulos
1372 752 1468 773 annos
1484 742 1533 773 die
1554 742 1638 773 illius
1658 742 1738 774 festo

225 797 263 828 <le
284 797 432 828 laudibus
451 798 513 829 suis
527 807 700 829 sermonem
717 807 851 838 agerem,
871 797 965 837 idque
980 798 1115 830 triennio
1136 799 1194 829 hoc
1211 798 1318 830 sedulo
1332 799 1551 839 praestiterim,
1565 799 1649 831 solus
1663 799 1733 831 hic¹

224 865 243 885 a
257 865 306 885 me
320 864 421 885 annus
436 856 676 894 praetermissus
690 858 745 892 est,
759 866 821 886 non
835 855 962 895 quidem
976 856 1177 896 negligentia,
1193 866 1287 895 quam
1303 856 1395 887 velim
1411 856 1574 887 minimum
1588 857 1674 897 apud
1687 867 1737 888 me

222 921 319 951 posse,
333 912 387 942 sed
403 912 477 951 quia
497 912 566 943 iter.
582 913 665 952 quod
686 913 718 943 in
734 913 901 944 Thusciam
916 916 1035 944 aestate
1056 913 1197 953 proxima
1211 914 1340 953 suscepi,
1354 914 1456 944 minus
1476 914 1621 945 celeriter
1642 924 1737 954 quam

220 971 310 1000 ratus
321 979 407 1000 eram
419 969 546 1001 absolvi.
564 969 773 1007 Quamobrem
790 980 827 1001 ex
840 971 1017 1011 hujusmodi
1029 971 1039 988 ²
1053 971 1161 1002 debito
1176 981 1289 1011 magna
1303 972 1407 1003 animo
1422 981 1490 1002 meo
1504 971 1627 1002 sarcina
1640 974 1735 1012 atque

220 1027 385 1067 aegritudo
400 1029 561 1058 contracta
574 1030 628 1064 est,
641 1038 735 1067 quam
750 1028 835 1067 apud
845 1030 877 1058 te
889 1028 1088 1067 depositurus
1100 1038 1184 1059 1111110
1194 1038 1271 1066 sum,
1285 1039 1346 1068 quo
1360 1029 1525 1066 neminem,
1537 1031 1573 1059 ut
1588 1028 1734 1066 arbitror,

223 1084 322 1124 magis
336 1084 483 1115 idoneum
498 1084 652 1124 hospitem
667 1086 790 1124 assequi
804 1095 933 1124 possem.
952 1084 1034 1123 Quid
1048 1086 1130 1116 enim
1145 1086 1244 1125 magis
1258 1086 1411 1123 convenit,
1424 1096 1519 1126 quam
1534 1088 1566 1117 et
1579 1086 1619 1117 de
1629 1086 1740 1118 sancti-

221 1142 287 1172 tate
309 1151 379 1172 cum
394 1140 516 1179 Sancto,
532 1144 563 1172 et
577 1152 648 1172 cum
665 1142 841 1173 doctissimo
855 1142 894 1173 de
908 1142 1021 1173 litteris
1042 1143 1157 1182 agere?
1171 1142 1315 1174 Solebam
1328 1143 1369 1174 ad
1382 1143 1532 1183 populum
1545 1143 1658 1181 dicere,
1674 1153 1736 1184 quo

219 1207 343 1237 semper
362 1198 471 1238 ingens
487 1199 526 1230 de
545 1199 629 1229 illius
644 1200 738 1230 rebus
753 1199 961 1239 laudibusque
984 1199 1127 1230 auditum
1138 1200 1149 1217 ³
1164 1200 1260 1231 turba
1275 1200 1421 1232 veniebat
1434 1211 1441 1238 3
1461 1200 1556 1231 multi
1568 1202 1736 1240 praeterea

219 1254 348 1293 indocti,
369 1256 424 1295 qui
445 1256 546 1287 nudas
567 1266 655 1288 voces
675 1259 843 1296 gestusque
863 1259 1019 1295 notarent,
1042 1276 1081 1279 —
1103 1257 1230 1297 plurimi
1250 1257 1304 1298 qui
1318 1258 1328 1274 ⁴
1349 1257 1472 1289 dicendi
1492 1260 1617 1289 tantum
1638 1267 1736 1298 genus

223 1312 436 1350 adverterent,
464 1316 707 1354 arguerentque,
734 1315 760 1344 si
788 1314 865 1354 quid
891 1314 1029 1354 ineptius
1057 1315 1231 1353 excidisset,
1252 1333 1291 1337 —
1312 1315 1411 1355 aliqui
1440 1315 1580 1353 fortasse,
1609 1315 1634 1346 si
1660 1314 1737 1346 mihi

221 1369 324 1408 liceat,
348 1370 402 1410 qui
422 1370 605 1402 ediscerent.
629 1371 689 1402 Sed
709 1381 793 1402 nunc
812 1373 848 1402 tu
868 1371 944 1402 mihi
965 1371 1049 1403 solus
1070 1372 1140 1412 plus
1161 1372 1222 1403 eris
1243 1382 1339 1412 quam
1360 1372 1504 1413 populus,
1526 1375 1558 1403 et
1578 1382 1659 1403 unus
1679 1382 1735 1412 pro

220 1426 372 1458 omnibus.
385 1427 467 1459 Nam
481 1438 583 1468 neque
599 1438 654 1469 ego
665 1429 836 1469 jucundius
850 1428 952 1461 dicere
966 1430 1096 1470 hujusce
1110 1430 1245 1461 materia
1259 1439 1309 1461 res
1323 1432 1440 1469 potero,
1457 1439 1552 1470 quam
1567 1432 1603 1460 tu
1617 1429 1736 1466 audies,

222 1493 279 1515 nec
294 1495 412 1522 vereor,
432 1495 471 1516 ne
485 1488 521 1517 tu
537 1496 587 1517 me
606 1486 765 1526 intelligas
786 1489 842 1518 aut
863 1487 1045 1519 discendum
1060 1497 1144 1518 nunc
1157 1487 1215 1518 tibi
1229 1487 1278 1526 sit⁷
1301 1487 1350 1518 cui
1364 1497 1464 1525 nemo,
1486 1489 1542 1518 aut
1557 1486 1739 1527 eloquentia

220 1544 278 1573 aut
293 1551 456 1574 sacrarum
472 1543 701 1583 scripturarum
717 1544 868 1582 doctrina,
882 1545 1024 1585 superior
1039 1547 1093 1576 est.
1109 1544 1214 1576 Genus
1227 1547 1334 1576 autem
1348 1544 1504 1582 orationis,
1520 1544 1739 1585 quodcumque

220 1598 327 1637 fuerit,
349 1599 395 1631 ita
415 1600 573 1640 probabis,
594 1601 620 1632 si
641 1612 678 1633 ex
700 1603 787 1633 certa
805 1601 868 1634 fide
888 1612 1026 1643 veraque
1047 1602 1211 1635 devotione
1232 1602 1426 1634 emanaverit
1438 1602 1449 1619 ⁵
1477 1626 1734 1633 ......
1749 1621 1753 1623 -

907 1863 1047 1896 LXXXI.

543 1948 818 1980 MICHAELI
852 1948 917 1979 DE
952 1949 1207 1981 RABATHA
1243 1948 1271 1981 S.
1307 1950 1340 1981 P.
1377 1950 1414 1982 D.

721 2031 849 2060 PADUAE,
870 2032 948 2054 PRID.
971 2032 1038 2054 KAL.
1060 2032 1128 2061 MAJ,
1151 2024 1237 2056 1400.

444 2098 509 2132 (Br.
523 2107 556 2134 p.
575 2099 633 2132 17;
652 2115 685 2118 —
705 2099 791 2126 Ram.
805 2107 836 2133 p.
856 2099 913 2132 57;
934 2115 966 2118 -
985 2098 1057 2126 PM.
1077 2107 1098 2128 c.
1118 2099 1158 2126 '79
1169 2100 1207 2133 z‘.‚·
1228 2116 1259 2119 -—
1279 2099 1342 2128 PP.
1362 2109 1390 2128 n.
1409 2100 1468 2134 69;
1487 2117 1519 2120 —

553 2143 631 2172 edita
649 2143 682 2171 in
694 2144 782 2178 parte
801 2143 851 2171 dal
870 2142 999 2177 Morem,
1018 2143 1094 2171 Bihl.
1115 2151 1167 2172 ms.
1188 2143 1275 2172 Fars.
1289 2153 1321 2179 p.
1340 2145 1400 2179 38.)

299 2221 387 2253 Nihil
409 2222 512 2254 facere
540 2222 666 2262 dignius
687 2224 825 2261 possunt,
855 2221 968 2262 quibus
991 2223 1037 2252 est
1057 2221 1218 2262 ingenium
1247 2223 1348 2254 ullum
1370 2225 1427 2255 aut
1448 2223 1493 2255 vis
1513 2223 1580 2255 ulla
1605 2224 1738 2262 dicendi,

224 2289 321 2319 quam
343 2282 380 2310 ut
395 2279 406 2296 ⁶
426 2281 459 2311 te
480 2280 674 2320 praedicent,
694 2279 749 2319 qui
769 2279 873 2310 fovere
892 2289 1015 2318 semper
1043 2281 1139 2318 atque
1160 2280 1305 2311 attollere
1333 2280 1459 2321 ingenia
1480 2283 1512 2312 et
1531 2281 1628 2312 bonas
1654 2284 1737 2313 artes

219 2336 309 2367 soles.
330 2336 422 2374 Nam,
443 2339 480 2368 ut
501 2347 592 2368 nemo
614 2339 660 2368 est
681 2336 820 2367 omnium
839 2335 1001 2367 hominum
1023 2336 1061 2367 de
1083 2346 1146 2376 quo
1165 2337 1378 2368 abundantius
1399 2337 1503 2369 dicere
1524 2338 1737 2379 elegantiusve

220 2393 348 2432 possint,
368 2393 414 2425 ita
434 2404 525 2425 nemo
546 2393 585 2425 de
607 2404 668 2434 quo
689 2393 788 2434 magis
808 2393 921 2424 merito
942 2393 1088 2425 debeant.
1114 2392 1191 2424 Cum
1213 2394 1295 2425 enim
1317 2394 1357 2425 sit
1377 2395 1410 2425 in
1430 2397 1462 2426 te
1480 2395 1561 2426 mira
1581 2395 1736 2435 quaedam

230 2492 237 2507 ¹
258 2491 304 2519 ΒΓ.
319 2492 379 2520 PM.
398 2492 478 2520 solus
496 2500 539 2527 c.;
559 2491 621 2520 PM.
634 2492 702 2519 nota
715 2491 764 2519 che
777 2491 849 2520 altro
869 2491 961 2520 codice
1010 2493 1019 2509 ⁴
1040 2492 1095 2521 PP.
1110 2492 1291 2527 plurimique

254 2536 289 2563 ha
308 2535 353 2563 hic
1009 2538 1019 2554 ⁵
1038 2536 1099 2565 PM.
1119 2536 1198 2564 nota:
1218 2535 1386 2571 imperfecta
1405 2537 1541 2573 epistola;
1560 2538 1615 2567 PP.
1635 2538 1740 2567 desunt

229 2581 240 2597 ‘²
260 2580 321 2608 PM.
341 2582 368 2607 ct
385 2580 553 2615 hujusmodi.
1031 2581 1123 2608 mulla

228 2626 239 2641 ³
259 2624 319 2652 PM.
340 2624 457 2659 (ιῑιάἑίος
477 2625 532 2654 ΡΡ.
552 2625 634 2653 adita
1009 2627 1020 2644 θ
1041 2626 1096 2653 ΡΡ.
1119 2626 1157 2653 tot

1839 1957 1845 1979 μ-
1838 1896 1845 1938 ἢ..
1838 1869 1842 1876 -
1836 1804 1845 1849 «μ-
1834 1755 1841 1764 ‘-
