1845 3076
754 170 891 193 msrorn
1537 161 1578 191 43

68 257 171 297 jubeS,
203 256 258 296 qui
288 255 345 287 etsi
367 255 407 286 ab
428 254 490 286 alio
510 254 643 294 scriptus
670 255 676 271 ¹
709 257 764 290 est,
796 253 896 284 inulta
924 255 1029 285 tamen
1060 253 1092 284 in
1116 263 1151 285 eo
1178 263 1274 284 manu
1296 263 1366 284 mea
1396 254 1505 284 notata
1527 252 1578 283 de-

71 312 223 354 prehendi
243 314 379 353 possunt.
402 311 465 352 Ego
487 321 558 343 vero
578 311 619 342 ad
640 311 698 342 hoc
717 320 846 350 possem,
868 310 927 341 nisi
947 310 1111 351 superbius
1132 310 1261 342 fortasse
1278 310 1445 346 videretur,
1466 309 1576 341 itidem

72 370 183 408 dicere,
205 369 288 410 quod
309 378 439 410 magnus
461 368 589 408 quidam
608 368 665 405 vir,
686 368 761 399 dum
782 368 823 399 ad
843 367 963 399 clerum
983 370 1098 405 oraret,
1119 367 1222 398 dicere
1251 368 1310 398 sibi
1331 368 1429 399 voluit
1454 368 1472 398 ².
1495 367 1577 399 Nam

72 437 170 467 quum
191 437 210 458 a
232 425 429 466 quibusdam,
450 425 503 466 qui
525 425 622 456 verba
642 424 707 455 sola
728 425 926 456 venabantur
948 425 968 461 ³,
990 426 1125 455 mentem
1148 435 1221 456 vero
1243 425 1389 465 consequi
1411 435 1472 457 non
1493 428 1578 465 pote-

70 486 153 521 rant,
172 483 359 514 irrideretur
392 482 574 522 (distractus
595 482 605 498 ⁴
638 481 721 512 enim
741 481 957 521 profunditate
979 481 1130 512 materiae
1152 491 1213 512 non
1234 482 1309 513 satis
1329 482 1361 512 in
1386 483 1397 499 ⁵
1418 482 1576 522 plerisque

71 541 199 581 congrui
220 540 368 571 sermonis
398 539 553 570 rationem
585 538 756 578 servabat),
786 538 827 569 ad
857 548 909 570 eos
941 538 1023 569 inter
1055 539 1325 570 sermocinandum
1349 540 1359 555 ⁰
1391 549 1572 571 conversus:

74 597 203 637 Aquila,
225 597 337 637 inquit,
358 606 418 627 non
439 597 523 636 capit
542 605 674 627 muscas.
698 595 758 626 Sed
781 597 856 632 esto,
877 595 948 632 sint,
967 606 1048 635 qnae
1070 598 1105 626 tu
1131 595 1141 611 ⁷
1162 598 1260 633 notas,
1282 606 1404 628 muscae
1427 597 1576 635 forsitam

71 664 127 695 ego
148 653 286 694 profecto
317 663 378 684 non
399 663 468 684 sum
487 652 603 692 aquila.
638 652 751 692 Itaque
771 662 832 683 non
854 655 1047 692 arroganter,
1083 655 1118 682 ut
1138 652 1201 690 ille,
1224 663 1380 692 aspernor,
1403 654 1457 685 sed
1478 655 1576 694 magis

71 711 154 743 bona
184 710 274 741 venia
294 712 375 750 peto,
407 712 443 740 ut
463 709 540 740 mihi
560 720 616 750 per
647 712 678 740 te
699 709 793 740 liceat
823 712 956 749 tempus
978 720 1039 749 quo
1061 709 1116 741 illa
1137 710 1175 740 dc
1199 710 1256 741 hoc
1283 713 1340 741 aut
1361 711 1430 742 aliis
1451 711 1539 742 libris
1563 712 1574 728 ’³

71 768 234 800 eraderem
257 768 278 805 ⁰,
300 767 479 798 melioribus
499 766 754 806 occupationibus
774 766 858 797 dare.
881 765 950 797 Non
971 767 1061 798 modo
1082 767 1163 798 enim
1195 770 1231 797 ut
1249 767 1376 798 sillabas
1397 769 1568 806 emendem,

70 825 124 856 sed
145 835 184 856 ne
204 824 398 855 orationes¹⁰
419 823 544 864 quidem
565 833 660 863 prave
681 823 811 863 scriptas
833 825 869 854 ut
886 823 1048 864 corrigam,
1070 824 1242 861 intendere,
1264 824 1313 855 vel
1334 825 1359 855 si
1371 825 1491 862 vellem,
1514 836 1580 865 pos-

68 892 136 913 sum
153 882 171 898 ¹¹
193 881 269 912 dum
290 884 397 912 tamen
416 880 586 912 secundum
601 881 622 897 Π
644 890 714 911 eam
734 880 855 917 seriem,
879 890 959 920 quae
974 881 1080 911 subest
1094 881 1225 918 ratione⁷
1246 881 1379 921 intelligi
1399 892 1506 913 sensus
1528 893 1578 914 va-

69 939 134 971 leat
149 939 180 969 ¹³.
213 938 259 970 De
280 939 327 969 his
355 940 472 975 autem,
493 948 574 978 quae
595 947 652 978 per
682 948 731 968 me
752 937 862 976 scribo,
884 938 996 968 minori
1016 938 1154 969 fortassis
1185 939 1242 969 sim
1262 939 1353 969 venia
1374 939 1494 980 diguus.
1517 939 1577 971 Sed

67 1006 169 1036 neque
191 998 256 1026 tam
277 995 390 1026 adduci
411 1005 550 1035 unquam
571 995 668 1035 potui,
702 998 737 1025 ut
759 1005 858 1026 esseni
879 995 911 1025 in
933 1005 970 1026 ea
991 1005 1025 1026 re
1045 995 1192 1026 curiosus.
1219 995 1326 1027 Placet
1346 996 1434 1033 seire,
1456 999 1488 1028 et
1509 1007 1576 1036 per-

68 1053 267 1084 contantibus
280 1053 300 1070 ¹⁴
323 1052 510 1093 respondere
532 1062 627 1092 posse,
649 1062 710 1092 quo
725 1054 816 1092 pacto
833 1053 852 1069 ¹⁵
874 1052 1015 1092 singulae
1030 1053 1191 1090 dictiones,
1212 1055 1268 1084 aut
1283 1057 1418 1091 nostrae,
1441 1057 1496 1085 aut
1511 1054 1577 1094 qui-

66 1110 125 1142 bus
144 1119 200 1150 pro
221 1110 333 1140 nostris
355 1110 483 1146 utimur,
497 1109 650 1141 conscribi
666 1109 812 1146 debeant,
837 1112 867 1140 et
882 1110 914 1139 in
929 1109 1042 1149 quibus
1064 1110 1178 1141 rationi
1191 1110 1212 1127 ¹⁶
1227 1110 1304 1141 etin
1318 1111 1432 1151 quibus
1453 1111 1576 1143 interea

67 1167 136 1198 usui
157 1169 242 1198 stare
262 1167 426 1198 conveniat
448 1168 535 1207 (nam
551 1177 588 1198 ea
602 1167 623 1183 ¹⁷
645 1166 830 1207 plerumque
845 1177 882 1198 ex
898 1167 1028 1198 adverso
1042 1169 1232 1208 repugnant)
1246 1178 1252 1205 ;
1269 1168 1289 1186 ¹³
1305 1169 1407 1199 facere
1424 1179 1496 1200 vero
1512 1180 1575 1200 11011

68 1234 137 1255 sum
158 1226 224 1255 tam
241 1224 262 1241 1⁹
283 1224 424 1265 diligens.
446 1224 525 1255 Mihi
547 1224 629 1255 enim
650 1224 724 1255 satis
746 1227 791 1255 est
814 1226 845 1255 et
870 1224 974 1255 aliena
995 1225 1080 1256 dicta
1096 1225 1216 1256 ratione
1238 1225 1413 1266 intelligere
1427 1236 1524 1266 posse,
1546 1229 1578 1258 et

68 1291 152 1313 meos
172 1291 278 1312 sensus
308 1292 370 1313 non
392 1281 527 1313 absurde
549 1281 677 1313 dictare.
711 1281 851 1313 Officium
872 1292 945 1313 vero
967 1285 1023 1313 aut
1043 1283 1173 1322 pulchre
1197 1283 1353 1314 scribendi
1374 1286 1431 1314 aut
1454 1286 1541 1315 recte
1556 1285 1578 1301 ²⁰

68 1338 160 1370 facile
181 1339 250 1370 aliis
270 1339 389 1379 linquo.
421 1338 502 1370 Nam
523 1339 599 1379 quid
629 1339 661 1369 in
684 1348 719 1370 eo
740 1349 853 1379 genere
875 1339 978 1370 laudis
999 1340 1196 1378 contendam,
1229 1351 1310 1381 quae
1330 1341 1370 1371 sit
1392 1351 1462 1372 cum
1483 1342 1578 1373 cartis

65 1396 233 1436 peritura?
254 1395 352 1427 Nemo
374 1396 457 1427 enim
479 1406 561 1427 nunc
581 1398 638 1427 aut
653 1396 833 1427 Ciceronem
853 1399 910 1428 aut
925 1396 1100 1437 Virgilium,
1121 1401 1178 1429 aut
1191 1397 1291 1429 ullum
1305 1398 1326 1415 ²¹
1349 1409 1474 1438 prorsus
1495 1400 1573 1430 anti-

65 1463 199 1493 quorum
221 1453 259 1484 de
280 1453 450 1493 ortografia
470 1453 519 1484 vel
539 1453 650 1484 laudat
680 1453 728 1484 vel
750 1454 960 1493 reprehendit.
984 1454 1142 1486 Juditium
1164 1455 1247 1486 enim
1274 1455 1354 1486 illud
1375 1466 1445 1486 cum
1466 1456 1574 1496 primis

66 1510 183 1541 tabulis
203 1510 360 1551 sepultum
381 1513 435 1542 est.
457 1509 576 1541 Verum
596 1513 688 1542 acute
709 1511 889 1542 inveniendi
910 1514 942 1542 et
963 1513 1073 1543 ornate
1094 1512 1271 1552 explicandi
1292 1512 1360 1544 laus
1383 1523 1490 1544 eorum
1512 1524 1580 1553 per-

65 1569 163 1607 petua
182 1571 297 1599 manet.
320 1568 430 1608 Itaque
451 1568 492 1598 da
513 1568 599 1605 mihi,
621 1568 760 1603 obsecro,
780 1569 917 1600 muneris
939 1569 1032 1609 hujus
1052 1570 1255 1608 vacationem,
1276 1581 1333 1602 nec
1347 1581 1396 1601 me
1413 1571 1494 1611 jube
1516 1572 1582 1602 fru-

67 1628 209 1656 mentum
224 1626 247 1643 22
267 1625 333 1664 hoc,
354 1628 390 1657 ut
402 1629 437 1657 tu
459 1625 609 1666 appellaS,
631 1628 697 1656 tam
714 1626 866 1666 exquisite
883 1627 1043 1658 mundare.
1067 1626 1177 1667 Neque
1199 1628 1282 1658 enim
1296 1638 1394 1668 usque
1409 1629 1487 1660 adeo
1508 1640 1579 1660 can-

70 1682 181 1714 didum
202 1693 240 1714 ex
261 1682 381 1723 siligine
402 1693 515 1723 panem
535 1683 687 1715 conficere
708 1683 828 1722 studeo,
850 1686 886 1715 ut
906 1684 986 1715 nihil
1008 1685 1039 1715 in
1060 1694 1096 1716 eo
1118 1685 1248 1716 furfuris
1270 1685 1417 1717 relictum
1438 1687 1539 1718 velim.

143 1740 249 1772 Habes
269 1740 308 1772 de
328 1740 376 1771 his
395 1740 489 1772 rebus
510 1741 741 1780 responsionem
762 1751 872 1780 meam,
895 1752 967 1782 qua,
988 1743 1046 1773 etsi
1067 1753 1129 1774 non
1149 1744 1342 1775 contentiose
1364 1744 1495 1776 forsitan
1517 1747 1575 1776 aut

66 1797 179 1838 cupide
196 1798 339 1838 jurganti
353 1798 385 1835 ²³,
405 1797 543 1829 modeste
563 1800 670 1829 tamen
691 1800 722 1829 et
743 1798 784 1829 ad
804 1799 970 1830 veritatem
991 1800 1158 1840 castiganti
1172 1800 1194 1817 ²⁴
1214 1800 1411 1832 satisfactum
1432 1802 1579 1833 arbitror.

73 1855 105 1887 Si
127 1855 202 1895 quid
223 1857 270 1887 est
290 1857 454 1895 praeterea
475 1855 559 1896 quod
579 1855 810 1887 emendandum
830 1858 930 1896 putes,
951 1857 1031 1888 nihil
1051 1860 1106 1894 est,
1128 1860 1164 1888 ut
1185 1857 1357 1890 detinearis
1372 1859 1394 1876 ²5
1414 1859 1446 1890 id
1468 1859 1509 1890 ad
1529 1870 1580 1891 me

76 2011 84 2028 ¹
105 2009 159 2037 ΡΡ.
179 2010 288 2045 scriptu
840 2011 863 2030 Η
882 2011 936 2038 ΡΡ.
957 2012 1056 2040 omette
1069 2013 1309 2048 percontantibus

75 2055 87 2072 ²
105 2054 189 2082 Marc.
210 2054 305 2082 noluit
840 2057 860 2074 ’ἦ
881 2057 935 2084 ΡΡ.
956 2057 1032 2090 facto

74 2099 85 2117 3
103 2098 188 2127 Marc.
206 2099 271 2127 sola
288 2099 374 2128 verba
392 2100 602 2128 venerabantur
841 2100 863 2120 ¹8
881 2100 934 2128 ΡΡ.
954 2102 1067 2129 ratione

74 2143 85 2161 ⁴
103 2143 159 2172 ΡΡ.
178 2143 319 2172 distrahas
840 2146 862 2163 ⁴⁷
880 2145 935 2173 ΡΡ.
955 2147 982 2174 et
999 2154 1047 2181 per
1065 2155 1098 2175 ea

75 2188 87 2206 ⁵
105 2187 176 2215 Mur.
196 2196 230 2216 ex
247 2196 295 2223 per
314 2189 345 2216 in
665 2190 670 2194 '
840 2190 862 2208 ¹⁸
880 2189 935 2218 ΡΡ.
954 2193 1099 2226 repuynat

75 2231 86 2251 6
105 2232 161 2260 ΡΡ.
180 2232 431 2260 sermonizandzcm
844 2234 866 2253 ¹¹³
884 2234 969 2263 Marc.
988 2235 1044 2264 ΡΡ.
1063 2237 1163 2264 omette
1184 2238 1242 2264 tam

73 2276 85 2294 ⁷
103 2275 174 2304 Mur.
193 2276 225 2304 in
238 2275 310 2304 meis
328 2283 376 2310 per
396 2277 428 2304 ἑιι
843 2279 866 2297 ²¹¹
884 2279 939 2308 ΡΡ.
959 2279 1071 2308 ratione
1090 2288 1138 2315 per
1158 2283 1231 2309 recte

75 2321 87 2338 ⁸
105 2319 175 2348 Mur.
186 2320 265 2355 quod
274 2319 329 2348 illa
341 2320 375 2348 de
387 2329 466 2355 σανα,
481 2322 533 2349 aut
545 2321 611 2349 aliis
623 2321 736 2350 crebris.
748 2321 803 2356 ΡΡἶ
841 2323 863 2342 ‘³¹
883 2323 968 2352 Marc.
987 2326 1087 2352 omette
1105 2326 1157 2352 aut
1174 2325 1270 2353 ullam

96 2363 163 2392 aliis
182 2365 284 2393 tribuis
838 2368 861 2386 ²²
880 2368 935 2396 ΡΡ.
953 2368 1137 2404 fermentum,
1156 2369 1240 2398 Marc.
1260 2370 1436 2403 frementum

75 2410 86 2427 ‘³
104 2409 188 2438 Maro.
208 2410 355 2438 evaderem
844 2411 867 2431 ²³
886 2412 942 2440 ΡΡ.
961 2413 1084 2448 eroyasti
1102 2421 1150 2448 per
1168 2413 1301 2449 jam-qanta·

63 2452 87 2471 ⁴⁰
105 2453 160 2482 ΡΡ.
179 2461 276 2482 omnes
294 2462 343 2490 per
360 2455 507 2483 orationes
844 2455 866 2474 ‘³⁴
885 2456 948 2484 Cosi
961 2456 1063 2490 Marc.;
1083 2457 1137 2485 ΡΡ.
1153 2465 1166 2485 e
1178 2458 1249 2486 Mur.
1264 2460 1402 2488 omettono
1415 2460 1463 2489 l'et
1480 2463 1587 2490 consti-

65 2499 85 2515 ¹¹
105 2497 189 2526 Marc.
208 2499 350 2534 cot·1·iyet·e
368 2500 508 2528 intentam
565 2501 676 2535 possim
876 2501 959 2536 yanti

63 2542 86 2560 ⁴²
106 2542 160 2570 ΡΡ.
179 2543 278 2571 omette
296 2543 452 2571 seeundum
841 2546 864 2563 ²⁵
883 2545 966 2573 Marc.
987 2546 1042 2574 ΡΡ.
1062 2545 1234 2575 dccci-rearis

61 2586 84 2605 ¹³
102 2586 157 2615 ΡΡ.
172 2588 294 2622 ratione,
311 2587 396 2616 Marc.
409 2588 461 2617 sub
475 2589 516 2617 est
528 2589 650 2625 ratione,
661 2589 806 2626 intelliqie.

98 2631 206 2659 Sensus
223 2631 318 2660 valeat
