1845 3076
285 182 304 212 4
919 190 942 212 P.
965 190 990 212 P.
1013 189 1161 212 VERGERIO

283 273 426 310 vertitur,
448 275 479 304 et
497 275 639 313 spectare
658 273 760 313 potius
781 272 905 303 videtur
925 273 958 303 in
980 273 1104 304 declive.
1127 272 1208 304 Nam
1228 274 1253 304 si
1268 274 1428 311 hactenus,
1455 275 1623 306 infestante
1655 276 1790 314 nemine,

282 329 425 370 componi
446 340 507 361 non
528 330 638 370 potuit,
660 330 736 370 quid
757 330 899 360 futurum
920 331 966 360 est
986 330 1083 360 muris
1103 330 1271 370 portisque,
1298 331 1386 362 hoste
1408 331 1569 370 imineute,
1598 343 1790 373 quamquam

285 389 449 417 externum
470 386 655 427 plerumque
675 386 795 418 bellum
825 386 929 418 civiles
951 387 1118 418 seditiones
1148 387 1305 418 extinxit?
1336 387 1396 419 Sed
1427 399 1524 420 unum
1551 391 1598 420 est
1625 389 1708 429 quod
1727 389 1791 420 illis

284 445 387 481 timeo,
408 454 447 475 ne
461 444 579 475 nescire
599 453 649 475 eos
662 453 764 483 pauca
791 443 937 474 amittere
959 453 1053 474 causa
1074 444 1115 474 sit
1130 446 1166 474 ut
1181 444 1330 476 amittant
1341 445 1494 476 universa.
1515 446 1603 476 Inter
1617 446 1696 477 haec
1710 446 1790 486 peri-

285 501 356 532 cula
375 500 464 532 video
483 510 639 531 summum
659 500 749 531 illum
765 500 875 538 virum,
898 500 953 540 qui
972 503 1004 531 te
1024 500 1175 540 appellat,
1197 503 1228 532 et
1240 501 1277 532 de
1293 503 1509 541 praesentibus
1530 503 1659 533 anxium
1680 512 1745 534 esse
1760 505 1792 534 et

283 559 315 589 in
337 558 515 589 futurorum
536 558 751 598 expectatione
766 567 958 597 suspensum,
981 557 1098 597 itaque,
1119 568 1175 597 pro
1196 558 1312 589 virtute
1334 561 1399 596 tua,
1421 562 1453 590 et
1467 560 1624 590 amicitiae
1647 560 1788 591 vestrae¹

283 615 399 653 debito,
419 614 595 646 adiutorem
615 614 903 654 consolatoremque
923 616 954 645 te
969 614 1029 645 sibi
1049 616 1206 654 expetere,
1229 615 1317 655 cujus
1331 615 1425 646 fidem
1440 616 1546 646 multis
1566 616 1600 646 in
1614 616 1708 647 rebus
1723 626 1791 656 per-

283 674 421 712 spectam
442 672 539 703 habet
559 672 578 711 ²,
614 674 646 703 et
666 672 867 712 prudentiam
889 682 927 702 ex
953 672 1045 712 longo
1070 674 1210 712 ‘tempore
1225 672 1390 712 cognitam.
1411 672 1442 703 Si
1462 673 1559 713 igitur
1580 676 1626 704 est
1646 673 1729 704 inter
1742 683 1795 704 vos

281 729 362 760 illud
381 739 473 760 verae
488 729 644 760 amicitiae
660 728 818 760 vinculum
839 728 923 768 quod
943 739 981 760 ex
1001 731 1034 759 te
1060 729 1170 760 crebro
1191 729 1301 760 audire
1321 730 1413 768 soleo,
1434 740 1558 770 quoque
1574 730 1685 761 merito
1699 730 1710 747 ³
1733 729 1795 770 glo-

284 786 361 817 riari
380 786 472 818 vales.
505 786 611 817 Unum
633 788 679 817 est
700 795 794 826 quam
827 785 866 817 ob
887 795 954 816 rem
975 786 1021 816 ire
1036 785 1046 802 4
1078 788 1110 816 te
1132 796 1248 825 censeo,
1271 796 1311 817 ne
1332 786 1487 818 amicitiae
1510 787 1642 818 defuisse
1664 786 1792 818 videari.

285 843 347 875 Sed
367 854 409 875 an
428 846 536 884 petere
566 843 620 875 ille
641 844 698 874 hoc
719 844 730 861 ⁵
751 844 806 874 abs
837 845 869 873 te
889 842 1012 881 debeat,
1046 843 1179 874 necdum
1209 844 1283 874 satis
1317 844 1395 874 mihi
1426 846 1528 875 certus
1549 844 1560 861 ⁶
1588 844 1702 882 videor,
1736 854 1794 875 nec

283 902 444 941 disputare
471 911 521 932 me
551 901 598 932 fas
620 903 667 933 est
688 901 727 932 de
748 900 830 932 tanti
851 900 909 931 viri
926 900 1054 941 judicio.
1087 900 1215 938 Verum,
1236 903 1408 941 utcumque
1429 902 1478 939 sit,
1500 912 1539 933 ne
1560 901 1706 933 celeriter
1727 900 1794 939 fiat,

282 958 342 990 nisi
363 961 395 990 et
414 959 473 991 hoc
493 959 546 990 ille
568 959 682 999 exigat,
703 958 735 989 id
754 955 788 989 in
809 968 956 998 praesens
977 959 1008 989 te
1029 959 1062 989 et
1082 967 1191 997 precor
1213 960 1244 989 et
1259 969 1377 990 moneo.
1401 958 1487 990 Vale.

1019 1308 1071 1338 IV.

569 1416 722 1448 JOANNI
743 1416 991 1448 BONONIENSI
1013 1417 1172 1449 PHISICO
1194 1417 1222 1448 S.
1243 1417 1279 1448 D.
1303 1415 1516 1447 VENETIAS.

768 1509 897 1538 PADUAE,
920 1510 950 1531 1v
971 1509 1038 1532 ΚΑΒ.
1062 1509 1178 1532 Aramis
1200 1501 1285 1531 1395.
1302 1501 1313 1517 ⁷

488 1585 552 1621 (Br.
568 1594 601 1621 2).
623 1586 642 1612 3
665 1587 675 1613 t
696 1593 710 1613 e
732 1585 788 1619 75;
810 1601 841 1605 —-
865 1584 916 1613 Gr.
936 1594 958 1613 c.
978 1586 1058 1618 147,-
1079 1601 1110 1604 —
1130 1585 1203 1614 PM.
1223 1594 1244 1613 e.
1264 1585 1323 1619 60,·
1345 1601 1377 1606 —-
1397 1584 1460 1612 ΡΡ.
1480 1592 1508 1612 n.
1529 1584 1588 1618 34.)

362 1675 389 1704 A
410 1674 534 1705 domino
569 1673 682 1704 Sancto
703 1676 809 1704 nostro
828 1673 951 1704 litteras
973 1673 1065 1704 hodie
1080 1673 1090 1689 ⁸
1112 1673 1219 1710 habui,
1247 1674 1362 1713 gratae,
1390 1672 1473 1712 quod
1495 1682 1565 1703 cum
1586 1671 1794 1712 sospitatem⁹

283 1734 372 1763 tuam
393 1731 568 1762 indicarent
581 1731 612 1768 ¹⁰,
633 1733 701 1761 tum
722 1733 754 1761 et
775 1730 1055 1761 convalescentiam
1076 1730 1222 1769 conjugis,
1244 1740 1326 1770 quae
1348 1732 1378 1760 et
1394 1729 1447 1759 diu
1469 1731 1501 1760 et
1522 1729 1660 1769 graviter
1675 1729 1798 1769 pridem

283 1789 448 1826 laboravit,
473 1807 511 1811 —‹
527 1788 565 1819 ob
588 1788 620 1818 id
642 1788 737 1818 etiam
754 1787 919 1828 jucundas,
940 1788 1023 1827 quod
1044 1787 1258 1827 patriarcham
1280 1787 1460 1826 propediem
1482 1789 1651 1818 venturum
1672 1787 1705 1817 in
1726 1797 1794 1827 pro-

281 1847 415 1877 vinciam
435 1856 523 1877 suam
544 1845 771 1882 nuntiarent¹¹‚
793 1856 873 1884 quae
895 1855 943 1875 res
964 1845 1079 1875 multas
1099 1844 1265 1876 seditiones
1277 1845 1299 1861 ¹²
1321 1847 1352 1875 et
1373 1845 1561 1884 suspiciones
1576 1847 1607 1875 et
1620 1844 1798 1875 simultates

284 1903 416 1935 sedabit.
439 1903 591 1942 Cuperem
611 1902 783 1942 plurimum
810 1905 845 1932 ut
867 1902 892 1932 is
914 1902 945 1932 in
967 1901 1064 1932 officio
1086 1905 1184 1941 atque
1205 1902 1331 1939 honore,
1354 1912 1414 1941 quo
1435 1912 1518 1932 nunc
1534 1902 1555 1918 ¹³
1579 1903 1635 1938 est,
1656 1901 1799 1941 persiste-

283 1963 333 1992 ret
345 1961 375 1999 ¹⁴,
397 1963 429 1991 et
449 1963 528 1991 esset
547 1960 594 1990 illi
614 1960 757 1996 vicarius,
778 1970 970 1999 quamquam
990 1959 1056 1999 ipse
1077 1969 1140 1989 non
1160 1969 1348 1999 magnopere
1369 1958 1546 1990 desiderare
1567 1959 1626 1989 hoc
1641 1958 1794 1989 videatur.

284 2018 322 2048 In
343 2029 403 2058 quo
436 2017 562 2057 quidem
584 2016 758 2057 prudenter
778 2017 862 2053 facit,
895 2019 931 2046 ut
951 2016 983 2046 in
1004 2017 1137 2047 caeteris
1158 2016 1244 2046 solet.
1278 2015 1365 2046 Nihil
1386 2016 1469 2047 enim
1491 2015 1614 2055 sapiens
1636 2015 1795 2047 desiderat

285 2076 367 2116 quod
388 2077 549 2115 praestare
569 2074 629 2105 sibi
650 2074 780 2114 ipsemet
802 2084 863 2104 non
884 2074 979 2113 possit
992 2074 1020 2104 ¹⁵
1043 2073 1123 2104 Nam
1146 2084 1202 2103 cur
1222 2073 1287 2113 ipse
1307 2073 1365 2103 hoc
1380 2073 1401 2090 ¹⁶
1424 2073 1581 2104 desideret
1601 2073 1656 2113 qui
1678 2073 1795 2104 deside-

286 2133 403 2164 randus
423 2132 491 2163 est?
514 2132 553 2162 Et
573 2132 759 2172 dignitatem
780 2141 835 2162 cur
856 2133 998 2171 quaerat,
1019 2131 1069 2161 cui
1090 2141 1211 2161 summa
1232 2140 1270 2161 ex
1285 2130 1402 2161 virtute
1423 2140 1460 2161 ac
1480 2130 1638 2170 probitate
1659 2130 1795 2170 dignitas

297 2253 305 2270 1
325 2251 379 2279 ΡΡ.
398 2253 514 2279 nostrae
1059 2250 1082 2268 ⁴0
1100 2250 1145 2277 Gr.
1165 2249 1351 2283 indicarimk
1370 2249 1398 2276 in
1418 2249 1540 2285 margine
1559 2248 1724 2277 indicarent

296 2297 307 2314 2
326 2296 380 2324 ΡΡ.
399 2295 501 2323 habuit
1060 2295 1080 2312 11
1101 2294 1148 2323 Gr.
1167 2293 1363 2327 nunciato-‘unffi
1382 2293 1411 2320 in
1430 2293 1554 2328 margine
1573 2293 1749 2321 nunciarent

297 2341 307 2359 ³
326 2339 428 2375 D'ogni
444 2340 540 2367 merito
1060 2339 1082 2356 ¹2
1100 2338 1168 2366 Reff.
1188 2346 1201 2365 e
1221 2338 1266 2365 Gr.
1285 2337 1392 2365 multas
1404 2337 1563 2371 seditiones,
1576 2339 1618 2372 εἰς
1638 2336 1714 2373 negli
1733 2337 1800 2365 altri

299 2386 309 2402 ⁴
328 2384 383 2412 ΡΡ.
403 2385 530 2411 ommette
550 2383 612 2411 l'ire
1095 2381 1182 2410 codici
1200 2389 1306 2410 omessa
1323 2381 1351 2408 la
1370 2380 1465 2416 parole
1484 2381 1636 2408 seditiones

299 2430 309 2447 ⁵
328 2428 373 2456 Br.
393 2437 406 2456 e
426 2428 487 2456 PM.
506 2436 586 2455 senza
604 2427 656 2455 Ιιοσ
1058 2427 1079 2445 ¹⁸
1097 2426 1163 2454 Reffi
1177 2434 1190 2453 e
1205 2426 1251 2453 Gr.
1264 2433 1321 2460 quo
1334 2433 1419 2453 mmo.
1432 2424 1517 2460 Negli
1530 2424 1595 2452 altri
1609 2424 1697 2453 codici
1710 2433 1802 2454 omes-

298 2474 310 2490 6
330 2473 374 2501 Br.
394 2472 454 2500 PM.
474 2472 528 2499 ΡΡ.
547 2481 597 2500 ozee
617 2471 685 2499 dum
702 2470 774 2498 mila·
791 2471 863 2499 satis
881 2471 979 2499 videor
1095 2478 1125 2498 so
1144 2479 1223 2498 nunc

297 2517 307 2535 ⁷
327 2516 410 2544 Reffi:
430 2523 512 2544 senza
531 2516 603 2544 data.
1060 2515 1081 2533 ¹⁴
1099 2515 1167 2542 PR:
1180 2513 1371 2549 persisterent

298 2561 308 2579 8
328 2560 391 2588 Gn:
411 2560 494 2588 hodie
513 2560 611 2588 literas
1061 2560 1082 2577 ¹⁵
1102 2559 1148 2586 Gr.
1161 2560 1259 2593 potest

288 2606 308 2623 ’9
326 2605 372 2633 Br.
386 2604 419 2631 75
437 2605 473 2633 t.:
492 2605 607 2640 quidem
619 2604 801 2638 sospitatem;
821 2604 890 2632 PR:
908 2604 1028 2639 quidem
1065 2605 1086 2622 ¹6
1106 2603 1152 2632 Gr.
1172 2603 1256 2637 Ιιαεος
1275 2603 1305 2630 111
1323 2602 1448 2639 margine
1468 2603 1519 2632 hoc

325 2657 400 2677 cum.
420 2648 467 2676 Gr.
488 2647 518 2676 in
537 2648 679 2684 margine:
698 2648 774 2682 quod
792 2656 857 2676 eum
