1845 3076
762 181 898 204 srisrons
1535 174 1590 204 107

83 266 262 301 scriberem,
283 276 343 296 non
364 265 439 296 satis
459 265 562 296 dicere
582 275 650 296 sum
672 265 854 298 arbitratus,
884 269 918 296 ut
943 265 981 296 de
1011 268 1041 297 te
1069 265 1213 296 dicerem.
1243 275 1342 305 neque
1371 266 1451 296 enim
1481 275 1593 297 vacare

81 323 254 363 suspicione
276 326 379 362 potest
400 322 468 353 laus
489 323 520 352 in
536 321 644 353 faciem
669 322 801 353 reddita.
830 323 944 353 Vellem
967 323 1074 362 itaque
1096 327 1168 353 tuus·
1189 332 1264 359 esse,
1285 323 1308 353 si
1332 334 1380 354 ine
1404 333 1529 362 prorsus
1551 323 1592 355 ab

84 380 167 412 omni
182 379 371 410 adulationis
384 379 455 410 labe
476 379 613 410 alienum
633 379 811 419 judicasses.
830 379 892 417 Ego
906 389 996 410 vero:
1018 381 1134 419 quani¹
1157 380 1212 410 siin
1230 380 1260 410 in
1276 381 1407 411 caeteris
1420 380 1501 411 vitiis
1516 380 1593 410 mihi

80 437 232 473 conscius,
263 446 324 467 nou
347 441 392 467 est
415 439 449 466 ut
469 436 569 467 dicam
592 439 648 467 aut
669 446 789 476 negem,
822 436 904 475 quod
925 436 1060 467 alterum
1091 437 1245 467 stultitiae
1275 437 1409 468 alterum
1443 437 1591 468 vanitatis

79 493 241 534 proprium
261 493 310 524 sit.
332 492 392 524 Sed
412 493 451 524 de
473 493 717 524 assentatoribus
738 493 783 524 ita
804 494 942 533 profecto
963 493 1071 529 sentio,
1091 504 1160 525 esse
1181 503 1240 530 eos,
1262 505 1332 525 cum
1354 495 1468 534 quibus
1488 504 1590 534 neque

79 550 299 583 benevolentia
326 560 428 590 neque
449 550 579 582 societas
607 550 673 581 ulla
695 553 839 581 constare
860 551 964 590 possit.
995 550 1081 588 Quod
1103 561 1174 581 cum
1194 551 1241 582 ita
1261 551 1311 588 sit,
1333 562 1395 582 nou
1417 554 1463 582 est
1483 554 1590 582 tamen

81 610 117 640 ut
129 618 227 639 unum
242 610 470 648 praetereatur,
487 607 570 648 quod
585 607 712 648 quidem
723 608 733 624 ‘·'
755 618 816 638 non
831 611 896 638 tam
910 618 929 638 a
944 618 992 639 me
1015 607 1131 639 dictum
1148 618 1241 647 quam
1257 618 1322 639 esse
1337 619 1431 640 unam
1453 609 1592 639 omnium

81 666 268 697 sententiam
289 665 455 702 existimes,
475 675 536 696 non
552 665 642 696 modo
662 665 695 696 in
710 665 769 696 hac
790 665 1039 696 consternatione
1061 675 1164 695 rerum
1187 666 1239 695 sed
1255 676 1316 697 nou
1334 666 1430 697 fuisse
1453 676 1594 706 unquam

80 722 249 754 Ecclesiam
269 722 302 753 in
317 733 353 754 eo
374 725 468 759 statu,
483 726 539 754 aut
561 722 738 762 frequentia
758 722 927 757 hominum,
949 725 1005 753 aut
1025 722 1141 753 virtute
1163 726 1334 762 pastorum,
1349 727 1405 754 aut
1426 723 1591 763 splendore

80 779 256 817 curialium,
278 779 427 820 potentia,
448 780 544 819 copia,
566 779 728 819 dignitate‚
756 779 956 816 auctoritate,
982 780 1058 819 quin
1074 781 1084 796 ²⁵
1112 783 1148 810 tu
1169 782 1243 810 ante
1265 790 1382 817 onmes,
1412 780 1590 819 prudentia,

77 836 279 874 coutinentia,
303 836 508 874 humanitate,
525 837 690 877 gravitate,
711 837 912 876 omniumque
935 837 1087 868 virtutum
1113 838 1210 878 copia,
1231 838 1344 868 merito
1365 838 1485 876 primus
1501 837 1593 868 habe-

79 895 164 926 reris,
187 893 274 932 Quae
295 904 360 933 vox,
383 894 510 925 tametsi
524 894 565 925 ad
586 905 737 925 summam
760 894 885 925 laudem
908 898 995 925 tuam
1018 895 1165 934 pertinet,
1186 896 1313 926 tamen⁴
1337 898 1368 925 et
1382 894 1591 926 conditionem

79 954 257 983 nostrorum
272 954 447 991 temporum
464 954 561 982 notat.
584 952 660 983 Cum
675 955 723 983 est
738 951 770 981 in
786 952 864 983 urbe
874 953 885 969 ⁵
906 952 1029 990 raritas,
1044 952 1076 982 in
1090 953 1178 983 curia
1189 953 1199 969 ‘³
1219 952 1363 989 solitudo,
1386 953 1471 992 apud
1484 962 1590 983 omnes

78 1008 194 1048 inopia,
215 1019 252 1040 ac
265 1008 413 1039 nimirum
435 1008 584 1048 quidem⁷
605 1009 783 1039 obsidemur
805 1009 953 1048 undique,
974 1009 1121 1040 finitimos
1146 1009 1250 1040 hostes
1274 1010 1434 1046 habemus,
1454 1009 1591 1040 latrones

78 1075 158 1106 pene
178 1066 263 1097 iutra
285 1066 404 1103 urbem,
425 1067 478 1106 qui
501 1066 583 1097 vitae
604 1066 799 1106 fortunisque
820 1066 957 1097 omnium
973 1068 982 1083 ³
1004 1067 1200 1103 insidientur,
1224 1067 1334 1098 horum
1356 1067 1495 1097 omnium
1509 1077 1590 1106 quae

78 1123 120 1154 sit
133 1133 226 1154 causa
240 1124 260 1160 ⁴³,
281 1126 349 1155 tute
370 1134 492 1154 mecum
513 1123 606 1163 plane
628 1123 750 1154 senties.
773 1134 832 1155 non
850 1134 914 1154 esse
935 1123 1039 1161 aliam,
1055 1134 1150 1164 quam
1172 1124 1379 1164 perniciosum
1401 1124 1458 1154 hoc
1472 1124 1592 1161 scisma,

78 1181 162 1221 quod
194 1183 240 1212 est
260 1181 292 1211 iu
315 1181 451 1212 Ecclesia
479 1181 545 1212 Dei.
578 1181 617 1212 Et
638 1181 785 1220 quoniam
802 1181 824 1198 ¹⁰
850 1182 920 1218 scio,
947 1191 1011 1212 rem
1033 1181 1113 1211 hanc
1140 1182 1198 1212 tibi
1219 1182 1303 1212 cordi
1325 1191 1399 1218 esse,
1430 1184 1465 1212 ut
1486 1184 1591 1212 tecum

79 1237 202 1269 doleam
218 1239 236 1255 ¹¹
269 1238 385 1275 licebit,
418 1249 516 1278 quum
536 1249 593 1269 nec
614 1249 709 1278 opera
730 1249 787 1269 nec
809 1239 946 1269 humano
967 1238 1092 1269 consilio
1114 1239 1250 1269 succurri
1274 1239 1368 1278 possit
1384 1239 1412 1268 ²³.
1441 1238 1522 1276 Quid
1544 1241 1593 1270 est

79 1295 162 1327 enini
178 1300 214 1327 ut
226 1296 349 1327 circiter
370 1296 516 1336 vigesimo
531 1306 613 1328 anno
627 1296 659 1326 in
675 1297 733 1327 hoc
747 1306 850 1327 errore
866 1296 1034 1332 volvamur,
1051 1300 1081 1327 et
1098 1296 1174 1327 duos
1188 1296 1305 1327 habeat
1321 1296 1432 1326 divisos
1447 1295 1590 1326 fidelium

83 1353 221 1385 Ecclesia
240 1354 405 1393 pastores?
426 1353 497 1384 Non
519 1357 565 1384 est
585 1364 659 1384 sane
679 1354 746 1384 sine
768 1353 909 1393 exemplo
927 1354 947 1370 Γ)
970 1353 1181 1393 hujuscemodi
1203 1354 1331 1390 malum,
1354 1364 1425 1384 nam
1447 1359 1477 1384 et
1505 1353 1591 1393 apud

86 1413 207 1442 veteres
226 1411 426 1442 secessionem
441 1411 462 1428 ¹⁴
482 1410 651 1450 aliquando
670 1411 787 1442 factam
809 1411 929 1448 seimus,
945 1414 977 1442 et
992 1411 1186 1442 contendisse
1207 1411 1246 1442 de
1262 1421 1382 1441 summo
1404 1410 1593 1441 Pontificatu

81 1467 232 1508 quosdam
247 1469 274 1498 ¹⁵.
298 1468 414 1499 Verum
435 1478 596 1508 nunquam
613 1468 635 1485 ¹⁶
654 1468 782 1499 ambitio
797 1468 1011 1508 praelatorum
1028 1471 1083 1499 aut
1097 1468 1275 1508 malignitas
1290 1468 1449 1498 hominum
1465 1470 1592 1498 tantum

80 1525 218 1558 effecisse
239 1525 349 1563 valuit,
379 1529 415 1556 ut
435 1529 500 1556 tam
522 1525 576 1556 diu
597 1536 685 1557 error
711 1526 927 1565 perseverarit,
953 1526 1012 1556 nisi
1041 1525 1147 1557 forsan
1168 1526 1206 1556 de
1228 1525 1419 1556 Graecorum
1451 1525 1594 1556 scismate

78 1583 228 1620 dicamus
248 1584 336 1624 cujus
358 1583 477 1614 fructus
500 1584 555 1623 qui
576 1583 694 1614 fuerint
714 1583 861 1614 videmus.
884 1583 1022 1614 Primum
1045 1583 1238 1623 gravissimos
1259 1583 1291 1612 in
1308 1582 1370 1614 fide
1384 1592 1505 1613 errores
1525 1592 1595 1622 par-

77 1640 180 1678 turiit,
208 1640 322 1672 deinde
350 1641 527 1672 Maumethi
547 1644 664 1672 sectam
683 1643 741 1672 aut
766 1640 841 1672 fecit
867 1644 923 1671 aut
951 1640 1072 1681 adjuvit
1088 1641 1118 1676 ¹⁷,
1140 1643 1297 1680 postremo
1319 1641 1376 1671 hoc
1396 1639 1498 1670 effecit
1513 1640 1534 1656 ¹³
1557 1643 1593 1670 ut

78 1697 215 1730 Orientis
235 1699 372 1730 Ecclesia
392 1709 489 1738 prope
510 1699 600 1729 nulla
620 1699 670 1729 sit.
692 1698 781 1729 Talia
802 1698 937 1738 (utinam
960 1698 1056 1729 falsus
1078 1698 1214 1738 auguri)
1236 1697 1323 1734 talia,
1349 1697 1488 1737 inquam,
1510 1707 1593 1728 nunc

77 1755 181 1793 timeo,
201 1756 227 1787 si
248 1766 298 1787 res
318 1756 363 1787 ita
384 1760 569 1796 perseveret.
593 1755 753 1796 Quidquid
775 1756 856 1787 enim
878 1766 916 1786 ex
938 1756 1137 1795 pontificibus
1159 1755 1241 1787 alter
1261 1756 1391 1796 gesserit
1418 1755 1590 1786 damnatur

78 1814 122 1846 ab
141 1813 250 1845 altero.
270 1814 392 1854 Illeque
411 1824 444 1845 se
464 1825 521 1854 pro
542 1824 614 1845 vero
635 1813 799 1845 habendus
820 1813 1021 1851 existimabit,
1050 1814 1105 1853 qui
1124 1813 1196 1844 novi
1216 1813 1338 1854 aliquid
1366 1812 1594 1853 excogitaverit

78 1871 111 1902 in
131 1870 203 1908 fide,
225 1871 308 1902 unde
321 1872 344 1888 ¹⁹
371 1875 427 1903 aut
447 1871 517 1911 plus
537 1881 656 1912 sapere‚
682 1874 739 1902 aut
764 1871 874 1903 melius
901 1871 1017 1902 sentire
1038 1871 1194 1902 credatur.
1217 1870 1287 1902 Non
1309 1873 1364 1907 est,
1385 1870 1486 1910 qualis
1508 1870 1587 1902 solet

74 1929 158 1960 inter
178 1938 266 1969 reges
279 1932 336 1960 aut
350 1929 539 1968 temporales
558 1929 723 1969 principes,
737 1929 775 1960 de
789 1931 945 1969 potestate
965 1929 1132 1965 eontentio,
1155 1939 1225 1960 cum
1240 1928 1279 1959 de
1294 1927 1429 1959 dominio
1450 1928 1588 1965 urbium,

77 1986 203 2023 divitiis,
225 1989 258 2018 et
278 1986 480 2018 multitudine
507 1986 704 2018 subditorum
725 1987 838 2027 agitur,
859 1987 943 2018 unde
959 1987 980 2003 ‘²⁰
1000 1986 1134 2026 praedas
1158 1986 1208 2026 agi
1235 1985 1385 2022 videmus,
1413 1988 1445 2016 et
1465 1985 1592 2025 rapinas

75 2053 233 2084 agrorum,
247 2046 278 2075 et
289 2046 443 2075 tectorum
455 2044 608 2075 incendia.
621 2044 785 2076 Crudelius
797 2047 845 2075 est
860 2044 917 2075 hoc
927 2044 1056 2082 bellum,
1069 2043 1247 2083 quonjamff1
1263 2053 1395 2081 regnum
1411 2042 1594 2082 pontificum

86 2176 95 2193 ¹
117 2174 171 2202 ΡΡ.
190 2175 268 2210 quod
855 2177 873 2193 ¹¹
895 2175 950 2203 ΡΡ.
971 2175 1066 2202 dolere

85 2221 97 2238 ²
115 2219 170 2248 ΡΡ.
188 2228 317 2255 (1210un
343 2218 384 2253 gli
402 2219 468 2247 altri
494 2220 632 2248 omettono
650 2219 678 2247 la
702 2219 814 2255 par01a3
852 2222 873 2239 ¹2
892 2221 952 2249 PM.
973 2221 1107 2256 Quoniam
1139 2236 1159 2239 ν»
1176 2221 1285 2254 potesl3
1304 2219 1350 2246 ΒΓ.
1369 2226 1383 2246 e
1403 2217 1479 2246 Ram.
1499 2218 1555 2252 ιῐη.

109 2263 186 2292 Ram.
205 2264 304 2293 omctte
323 2271 379 2291 uua
398 2263 459 2299 riga
852 2267 872 2284 ¹³
894 2266 948 2293 ΡΡ.
969 2266 1068 2293 omette
1087 2265 1149 2291 sine
1167 2263 1294 2298 evemplo

86 2311 98 2327 ²⁵
116 2309 170 2337 ΡΡ.
189 2309 345 2344 quonia-im
369 2308 415 2337 ΒΥ.
436 2309 496 2336 ΡΜ.
517 2308 593 2337 Ram.
613 2317 659 2343 qn.
679 2309 751 2344 qum
770 2317 818 2344 per
855 2311 876 2328 Ν
896 2310 951 2338 ΡΡ.
968 2318 1103 2338 secessum
1119 2332 1124 2337 .
1139 2331 1144 2336 .
1160 2331 1165 2336 .
1181 2332 1186 2336 .
1204 2309 1311 2341 factum

109 2362 166 2388 quo
184 2361 244 2381 non
853 2357 874 2374 1⁵
893 2355 949 2382 ΡΡ.
967 2353 1111 2389 quondam

87 2398 96 2416 ⁴
116 2398 176 2426 PM.
195 2399 296 2426 omette
314 2399 406 2426 tamen
851 2401 871 2418 1⁶
891 2399 945 2427 ΡΡ.
966 2407 1092 2433 unquam

87 2444 98 2461 ⁵
116 2443 171 2470 ΡΡ.
190 2443 258 2471 hinc
275 2442 343 2471 inde
852 2445 873 2462 ¹⁷
893 2444 939 2472 Br.
958 2443 1070 2471 ‹mclivit

88 2488 100 2505 ὃ
118 2486 173 2516 PP.
192 2487 308 2518 inertia„
326 2487 450 2515 solitudo
854 2490 875 2506 ¹⁸
894 2488 948 2516 ΡΡ.
969 2488 1068 2516 omette
1088 2487 1181 2521 effecit

89 2532 101 2549 ⁷
119 2531 271 2558 Nimirum
289 2531 412 2566 quidem.
431 2540 513 2559 senza
533 2531 642 2567 dubbio,
661 2531 734 2560 senz'
744 2531 817 2560 altro
855 2534 876 2550 ¹⁹
894 2533 949 2560 ΡΡ.
970 2540 1061 2559 unum

88 2577 99 2594 ⁸
120 2576 172 2604 ΡΡ.
191 2577 325 2605 omnibns
853 2579 876 2595 ²⁰
895 2577 951 2605 PF.
970 2585 1060 2603 vnum

88 2621 100 2638 ⁹
117 2621 180 2650 Scil.
198 2622 346 2656 coyilando
854 2623 875 2640 '³¹
896 2621 950 2650 ΡΡ.
970 2630 1055 2656 quam

77 2667 100 2684 ¹⁰
119 2667 173 2695 ΡΡ.
192 2675 280 2702 quum
