<?xml version="1.0" encoding="UTF-8"?>
<!DOCTYPE html PUBLIC "-//W3C//DTD XHTML 1.0 Transitional//EN"
    "http://www.w3.org/TR/xhtml1/DTD/xhtml1-transitional.dtd">
<html xmlns="http://www.w3.org/1999/xhtml" xml:lang="en" lang="en">
 <head>
  <title>
</title>
<meta http-equiv="Content-Type" content="text/html;charset=utf-8" />
  <meta name='ocr-system' content='tesseract 3.04.00' />
  <meta name='ocr-capabilities' content='ocr_page ocr_carea ocr_par ocr_line ocrx_word'/>
</head>
<body>
  <div class='ocr_page' id='page_1' title='image "./epistole00verguoft_0186.png"; bbox 0 0 1845 3076; ppageno 0'>
   <div class='ocr_carea' id='block_1_1' title="bbox 231 141 1102 171">
    <p class='ocr_par' dir='ltr' id='par_1_1' title="bbox 231 141 1102 171">
     <span class='ocr_line' id='line_1_1' title="bbox 231 141 1102 171; baseline -0.003 -1"><span class='ocrx_word' id='word_1_1' title='bbox 231 141 288 171; x_wconf 79' lang='lat'>118</span> <span class='ocrx_word' id='word_1_2' title='bbox 858 146 884 168; x_wconf 84' lang='lat' dir='ltr'>P.</span> <span class='ocrx_word' id='word_1_3' title='bbox 907 146 932 168; x_wconf 86' lang='lat' dir='ltr'>P.</span> <span class='ocrx_word' id='word_1_4' title='bbox 953 145 1102 168; x_wconf 79' lang='lat' dir='ltr'>VERGERIO</span> 
     </span>
    </p>
   </div>
   <div class='ocr_carea' id='block_1_2' title="bbox 224 228 1746 2389">
    <p class='ocr_par' dir='ltr' id='par_1_2' title="bbox 224 228 1746 2389">
     <span class='ocr_line' id='line_1_2' title="bbox 226 228 1736 269; baseline 0.001 -7"><span class='ocrx_word' id='word_1_5' title='bbox 226 231 342 262; x_wconf 80' lang='lat' dir='ltr'>didicit.</span> <span class='ocrx_word' id='word_1_6' title='bbox 366 230 532 269; x_wconf 83' lang='lat' dir='ltr'>Quumque</span> <span class='ocrx_word' id='word_1_7' title='bbox 553 231 634 260; x_wconf 87' lang='lat' dir='ltr'>esset</span> <span class='ocrx_word' id='word_1_8' title='bbox 654 238 802 260; x_wconf 89' lang='lat' dir='ltr'>romanae</span> <span class='ocrx_word' id='word_1_9' title='bbox 822 228 966 268; x_wconf 87' lang='lat' dir='ltr'>princeps</span> <span class='ocrx_word' id='word_1_10' title='bbox 986 228 1082 260; x_wconf 80' lang='lat' dir='ltr'>Urbis</span> <span class='ocrx_word' id='word_1_11' title='bbox 1104 239 1216 268; x_wconf 89' lang='lat' dir='ltr'>poema</span> <span class='ocrx_word' id='word_1_12' title='bbox 1236 229 1373 260; x_wconf 84' lang='lat' dir='ltr'>scribere</span> <span class='ocrx_word' id='word_1_13' title='bbox 1396 230 1524 261; x_wconf 78' lang='lat' dir='ltr'><strong>adortus</strong></span> <span class='ocrx_word' id='word_1_14' title='bbox 1547 233 1602 268; x_wconf 87' lang='lat' dir='ltr'>est,</span> <span class='ocrx_word' id='word_1_15' title='bbox 1623 242 1685 262; x_wconf 88' lang='lat' dir='ltr'>non</span> <span class='ocrx_word' id='word_1_16' title='bbox 1699 235 1736 263; x_wconf 91' lang='lat' dir='ltr'>ut</span> 
     </span>
     <span class='ocr_line' id='line_1_3' title="bbox 225 285 1737 328; baseline 0.001 -9"><span class='ocrx_word' id='word_1_17' title='bbox 225 289 344 326; x_wconf 86' lang='lat' dir='ltr'>histrio,</span> <span class='ocrx_word' id='word_1_18' title='bbox 371 287 480 328; x_wconf 86' lang='lat' dir='ltr'>quales</span> <span class='ocrx_word' id='word_1_19' title='bbox 500 287 551 318; x_wconf 87' lang='lat' dir='ltr'>hic</span> <span class='ocrx_word' id='word_1_20' title='bbox 571 289 680 326; x_wconf 88' lang='lat' dir='ltr'>poetas</span> <span class='ocrx_word' id='word_1_21' title='bbox 705 285 791 322; x_wconf 86' lang='lat' dir='ltr'>facit,</span> <span class='ocrx_word' id='word_1_22' title='bbox 817 285 872 316; x_wconf 88' lang='lat' dir='ltr'>sed</span> <span class='ocrx_word' id='word_1_23' title='bbox 893 288 929 316; x_wconf 91' lang='lat' dir='ltr'>ut</span> <span class='ocrx_word' id='word_1_24' title='bbox 949 289 1042 325; x_wconf 88' lang='lat' dir='ltr'>poeta</span> <span class='ocrx_word' id='word_1_25' title='bbox 1063 288 1095 316; x_wconf 85' lang='lat' dir='ltr'>et</span> <span class='ocrx_word' id='word_1_26' title='bbox 1116 288 1196 317; x_wconf 88' lang='lat' dir='ltr'>esset</span> <span class='ocrx_word' id='word_1_27' title='bbox 1222 289 1254 317; x_wconf 87' lang='lat' dir='ltr'>et</span> <span class='ocrx_word' id='word_1_28' title='bbox 1277 286 1457 318; x_wconf 78' lang='lat' dir='ltr'><strong>haberetur.</strong></span> <span class='ocrx_word' id='word_1_29' title='bbox 1490 286 1571 325; x_wconf 84' lang='lat' dir='ltr'>Quos</span> <span class='ocrx_word' id='word_1_30' title='bbox 1601 289 1737 320; x_wconf 81' lang='lat' dir='ltr'>maximo</span> 
     </span>
     <span class='ocr_line' id='line_1_4' title="bbox 226 342 1737 385; baseline 0 -9"><span class='ocrx_word' id='word_1_31' title='bbox 226 346 330 377; x_wconf 84' lang='lat' dir='ltr'>studio</span> <span class='ocrx_word' id='word_1_32' title='bbox 350 355 472 385; x_wconf 80' lang='lat' dir='ltr'>semper</span> <span class='ocrx_word' id='word_1_33' title='bbox 492 344 597 380; x_wconf 88' lang='lat' dir='ltr'>coluit,</span> <span class='ocrx_word' id='word_1_34' title='bbox 618 343 831 383; x_wconf 83' lang='lat' dir='ltr'>plurimosque</span> <span class='ocrx_word' id='word_1_35' title='bbox 853 353 891 373; x_wconf 83' lang='lat' dir='ltr'>ex</span> <span class='ocrx_word' id='word_1_36' title='bbox 904 342 948 373; x_wconf 90' lang='grc'>015</span> <span class='ocrx_word' id='word_1_37' title='bbox 968 342 1224 374; x_wconf 84' lang='lat' dir='ltr'>familiarissimos</span> <span class='ocrx_word' id='word_1_38' title='bbox 1238 343 1360 381; x_wconf 81' lang='lat' dir='ltr'>habuit,</span> <span class='ocrx_word' id='word_1_39' title='bbox 1381 347 1456 375; x_wconf 83' lang='lat' dir='ltr'>ante</span> <span class='ocrx_word' id='word_1_40' title='bbox 1478 344 1554 375; x_wconf 87' lang='lat' dir='ltr'>alios</span> <span class='ocrx_word' id='word_1_41' title='bbox 1567 344 1737 385; x_wconf 84' lang='lat' dir='ltr'>Virgilium</span> 
     </span>
     <span class='ocr_line' id='line_1_5' title="bbox 225 400 1737 441; baseline -0.001 -7"><span class='ocrx_word' id='word_1_42' title='bbox 225 403 446 439; x_wconf 81' lang='lat' dir='ltr'>Mantuanum,</span> <span class='ocrx_word' id='word_1_43' title='bbox 467 412 503 432; x_wconf 85' lang='lat' dir='ltr'>ac</span> <span class='ocrx_word' id='word_1_44' title='bbox 523 411 585 432; x_wconf 91' lang='lat' dir='ltr'>non</span> <span class='ocrx_word' id='word_1_45' title='bbox 601 401 668 441; x_wconf 84' lang='lat' dir='ltr'>jam</span> <span class='ocrx_word' id='word_1_46' title='bbox 688 400 919 431; x_wconf 79' lang='lat' dir='ltr'>Mantuanum¹</span> <span class='ocrx_word' id='word_1_47' title='bbox 943 400 996 439; x_wconf 86' lang='lat' dir='ltr'>qui</span> <span class='ocrx_word' id='word_1_48' title='bbox 1017 400 1122 439; x_wconf 82' lang='lat' dir='ltr'>patria</span> <span class='ocrx_word' id='word_1_49' title='bbox 1142 401 1335 440; x_wconf 86' lang='lat' dir='ltr'>proscriptus</span> <span class='ocrx_word' id='word_1_50' title='bbox 1356 403 1412 438; x_wconf 85' lang='lat' dir='ltr'>est,</span> <span class='ocrx_word' id='word_1_51' title='bbox 1435 401 1518 441; x_wconf 89' lang='lat' dir='ltr'>quod</span> <span class='ocrx_word' id='word_1_52' title='bbox 1540 402 1667 441; x_wconf 88' lang='lat' dir='ltr'>quidem</span> <span class='ocrx_word' id='word_1_53' title='bbox 1689 402 1737 433; x_wconf 91' lang='lat' dir='ltr'>illi</span> 
     </span>
     <span class='ocr_line' id='line_1_6' title="bbox 224 457 1737 499; baseline -0.001 -8"><span class='ocrx_word' id='word_1_54' title='bbox 224 470 352 492; x_wconf 87' lang='lat' dir='ltr'>necesse</span> <span class='ocrx_word' id='word_1_55' title='bbox 374 459 415 490; x_wconf 84' lang='lat' dir='ltr'>sit</span> <span class='ocrx_word' id='word_1_56' title='bbox 436 461 472 490; x_wconf 88' lang='lat' dir='ltr'>ut</span> <span class='ocrx_word' id='word_1_57' title='bbox 492 458 614 498; x_wconf 80' lang='lat' dir='ltr'>patriae</span> <span class='ocrx_word' id='word_1_58' title='bbox 634 468 748 489; x_wconf 91' lang='lat' dir='ltr'>nomen</span> <span class='ocrx_word' id='word_1_59' title='bbox 768 457 945 498; x_wconf 78' lang='lat' dir='ltr'>adjiciatur,</span> <span class='ocrx_word' id='word_1_60' title='bbox 974 457 1101 497; x_wconf 84' lang='lat' dir='ltr'>quando</span> <span class='ocrx_word' id='word_1_61' title='bbox 1122 458 1248 497; x_wconf 87' lang='lat' dir='ltr'>proprio</span> <span class='ocrx_word' id='word_1_62' title='bbox 1277 458 1401 489; x_wconf 87' lang='lat' dir='ltr'>nomine</span> <span class='ocrx_word' id='word_1_63' title='bbox 1423 458 1487 489; x_wconf 85' lang='lat' dir='ltr'>solo</span> <span class='ocrx_word' id='word_1_64' title='bbox 1508 459 1651 499; x_wconf 83' lang='lat' dir='ltr'>cognitus</span> <span class='ocrx_word' id='word_1_65' title='bbox 1681 462 1737 497; x_wconf 83' lang='lat' dir='ltr'>est,</span> 
     </span>
     <span class='ocr_line' id='line_1_7' title="bbox 225 513 1738 557; baseline -0.001 -9"><span class='ocrx_word' id='word_1_66' title='bbox 225 518 279 549; x_wconf 89' lang='lat' dir='ltr'>sed</span> <span class='ocrx_word' id='word_1_67' title='bbox 300 516 384 557; x_wconf 88' lang='lat' dir='ltr'>quod</span> <span class='ocrx_word' id='word_1_68' title='bbox 411 516 509 556; x_wconf 80' lang='lat' dir='ltr'>magis</span> <span class='ocrx_word' id='word_1_69' title='bbox 536 516 576 547; x_wconf 79' lang='lat' dir='ltr'>sit</span> <span class='ocrx_word' id='word_1_70' title='bbox 603 515 737 546; x_wconf 79' lang='lat' dir='ltr'>Mantua</span> <span class='ocrx_word' id='word_1_71' title='bbox 763 513 976 554; x_wconf 79' lang='lat' dir='ltr'>cognoscenda</span> <span class='ocrx_word' id='word_1_72' title='bbox 1002 524 1040 544; x_wconf 77' lang='lat' dir='ltr'>ex</span> <span class='ocrx_word' id='word_1_73' title='bbox 1063 514 1203 554; x_wconf 84' lang='lat' dir='ltr'>Virgilio,</span> <span class='ocrx_word' id='word_1_74' title='bbox 1236 525 1330 554; x_wconf 86' lang='lat' dir='ltr'>quam</span> <span class='ocrx_word' id='word_1_75' title='bbox 1358 525 1397 545; x_wconf 81' lang='lat' dir='ltr'>ex</span> <span class='ocrx_word' id='word_1_76' title='bbox 1424 515 1558 546; x_wconf 84' lang='lat' dir='ltr'>Mantua</span> <span class='ocrx_word' id='word_1_77' title='bbox 1579 515 1738 555; x_wconf 78' lang='lat' dir='ltr'>Virgilius,</span> 
     </span>
     <span class='ocr_line' id='line_1_8' title="bbox 224 571 1742 614; baseline -0.001 -9"><span class='ocrx_word' id='word_1_78' title='bbox 224 574 400 614; x_wconf 85' lang='lat' dir='ltr'>Virgilium,</span> <span class='ocrx_word' id='word_1_79' title='bbox 428 573 567 612; x_wconf 82' lang='lat' dir='ltr'>inquam,</span> <span class='ocrx_word' id='word_1_80' title='bbox 595 572 870 602; x_wconf 87' lang='lat' dir='ltr'>familiarissimum</span> <span class='ocrx_word' id='word_1_81' title='bbox 897 571 1028 605; x_wconf 80' lang='lat' dir='ltr'>habuit:</span> <span class='ocrx_word' id='word_1_82' title='bbox 1056 581 1093 601; x_wconf 87' lang='lat' dir='ltr'>ac</span> <span class='ocrx_word' id='word_1_83' title='bbox 1114 581 1177 602; x_wconf 89' lang='lat' dir='ltr'>non</span> <span class='ocrx_word' id='word_1_84' title='bbox 1198 574 1233 602; x_wconf 84' lang='lat' dir='ltr'>ut</span> <span class='ocrx_word' id='word_1_85' title='bbox 1253 571 1414 611; x_wconf 75' lang='lat' dir='ltr'>hystrioni,</span> <span class='ocrx_word' id='word_1_86' title='bbox 1441 572 1494 602; x_wconf 90' lang='lat' dir='ltr'>sed</span> <span class='ocrx_word' id='word_1_87' title='bbox 1516 574 1553 602; x_wconf 91' lang='lat' dir='ltr'>ut</span> <span class='ocrx_word' id='word_1_88' title='bbox 1573 572 1681 609; x_wconf 86' lang='lat' dir='ltr'>amico,</span> <span class='ocrx_word' id='word_1_89' title='bbox 1707 575 1742 604; x_wconf 85' lang='lat' dir='ltr'>et</span> 
     </span>
     <span class='ocr_line' id='line_1_9' title="bbox 226 628 1740 671; baseline -0.001 -9"><span class='ocrx_word' id='word_1_90' title='bbox 226 632 254 663; x_wconf 85' lang='lat' dir='ltr'>ei</span> <span class='ocrx_word' id='word_1_91' title='bbox 282 631 336 671; x_wconf 88' lang='lat' dir='ltr'>qui</span> <span class='ocrx_word' id='word_1_92' title='bbox 363 630 479 670; x_wconf 87' lang='lat' dir='ltr'>optime</span> <span class='ocrx_word' id='word_1_93' title='bbox 506 630 544 660; x_wconf 90' lang='lat' dir='ltr'>dc</span> <span class='ocrx_word' id='word_1_94' title='bbox 566 639 598 660; x_wconf 90' lang='lat' dir='ltr'>se</span> <span class='ocrx_word' id='word_1_95' title='bbox 619 629 721 668; x_wconf 85' lang='lat' dir='ltr'>deque</span> <span class='ocrx_word' id='word_1_96' title='bbox 748 629 854 668; x_wconf 83' lang='lat' dir='ltr'>patria</span> <span class='ocrx_word' id='word_1_97' title='bbox 881 628 1012 659; x_wconf 85' lang='lat' dir='ltr'>meritus</span> <span class='ocrx_word' id='word_1_98' title='bbox 1040 630 1129 665; x_wconf 86' lang='lat' dir='ltr'>esset,</span> <span class='ocrx_word' id='word_1_99' title='bbox 1157 628 1259 659; x_wconf 84' lang='lat' dir='ltr'>multa</span> <span class='ocrx_word' id='word_1_100' title='bbox 1279 629 1415 659; x_wconf 86' lang='lat' dir='ltr'>donavit.</span> <span class='ocrx_word' id='word_1_101' title='bbox 1437 628 1502 660; x_wconf 86' lang='lat' dir='ltr'>Nec</span> <span class='ocrx_word' id='word_1_102' title='bbox 1530 638 1612 666; x_wconf 83' lang='lat' dir='ltr'>vero,</span> <span class='ocrx_word' id='word_1_103' title='bbox 1634 632 1670 660; x_wconf 87' lang='lat' dir='ltr'>ut</span> <span class='ocrx_word' id='word_1_104' title='bbox 1698 629 1740 660; x_wconf 84' lang='lat' dir='ltr'>ad</span> 
     </span>
     <span class='ocr_line' id='line_1_10' title="bbox 226 685 1742 724; baseline -0.001 -6"><span class='ocrx_word' id='word_1_105' title='bbox 226 690 366 719; x_wconf 87' lang='lat' dir='ltr'>nostram</span> <span class='ocrx_word' id='word_1_106' title='bbox 395 690 533 718; x_wconf 87' lang='lat' dir='ltr'>aetatem</span> <span class='ocrx_word' id='word_1_107' title='bbox 560 687 731 723; x_wconf 75' lang='lat' dir='ltr'>veniamus,</span> <span class='ocrx_word' id='word_1_108' title='bbox 759 685 840 716; x_wconf 83' lang='lat' dir='ltr'>alter</span> <span class='ocrx_word' id='word_1_109' title='bbox 868 695 905 716; x_wconf 80' lang='lat' dir='ltr'>ex</span> <span class='ocrx_word' id='word_1_110' title='bbox 933 686 991 716; x_wconf 83' lang='lat' dir='ltr'>hac</span> <span class='ocrx_word' id='word_1_111' title='bbox 1019 685 1086 724; x_wconf 82' lang='lat' dir='ltr'>ipsa</span> <span class='ocrx_word' id='word_1_112' title='bbox 1115 685 1236 716; x_wconf 84' lang='lat' dir='ltr'>familia</span> <span class='ocrx_word' id='word_1_113' title='bbox 1255 685 1294 715; x_wconf 87' lang='lat' dir='ltr'>de</span> <span class='ocrx_word' id='word_1_114' title='bbox 1314 685 1500 723; x_wconf 74' lang='lat' dir='ltr'>Malatestis,</span> <span class='ocrx_word' id='word_1_115' title='bbox 1530 686 1578 717; x_wconf 84' lang='lat' dir='ltr'>vir</span> <span class='ocrx_word' id='word_1_116' title='bbox 1606 686 1742 717; x_wconf 85' lang='lat' dir='ltr'>eminen—</span> 
     </span>
     <span class='ocr_line' id='line_1_11' title="bbox 224 742 1744 782; baseline -0.001 -6"><span class='ocrx_word' id='word_1_117' title='bbox 224 745 370 782; x_wconf 81' lang='lat' dir='ltr'>tissimus,</span> <span class='ocrx_word' id='word_1_118' title='bbox 384 744 583 775; x_wconf 86' lang='lat' dir='ltr'>Franciscum</span> <span class='ocrx_word' id='word_1_119' title='bbox 605 744 797 780; x_wconf 79' lang='lat' dir='ltr'>Petrai-cam,</span> <span class='ocrx_word' id='word_1_120' title='bbox 819 743 874 782; x_wconf 88' lang='lat' dir='ltr'>qui</span> <span class='ocrx_word' id='word_1_121' title='bbox 895 753 952 782; x_wconf 88' lang='lat' dir='ltr'>per</span> <span class='ocrx_word' id='word_1_122' title='bbox 971 745 1019 773; x_wconf 83' lang='lat' dir='ltr'>tot</span> <span class='ocrx_word' id='word_1_123' title='bbox 1034 742 1158 773; x_wconf 81' lang='lat' dir='ltr'>saecula</span> <span class='ocrx_word' id='word_1_124' title='bbox 1179 742 1288 772; x_wconf 90' lang='lat' dir='ltr'>unicus</span> <span class='ocrx_word' id='word_1_125' title='bbox 1310 745 1395 773; x_wconf 82' lang='lat' dir='ltr'>vates</span> <span class='ocrx_word' id='word_1_126' title='bbox 1417 743 1553 780; x_wconf 77' lang='lat' dir='ltr'>emersit,</span> <span class='ocrx_word' id='word_1_127' title='bbox 1570 745 1606 774; x_wconf 90' lang='lat' dir='ltr'>ut</span> <span class='ocrx_word' id='word_1_128' title='bbox 1621 743 1744 775; x_wconf 87' lang='lat' dir='ltr'>histrio-</span> 
     </span>
     <span class='ocr_line' id='line_1_12' title="bbox 225 799 1743 840; baseline -0.001 -6"><span class='ocrx_word' id='word_1_129' title='bbox 225 814 297 834; x_wconf 89' lang='lat' dir='ltr'>nem</span> <span class='ocrx_word' id='word_1_130' title='bbox 329 802 434 839; x_wconf 83' lang='lat' dir='ltr'>coluit,</span> <span class='ocrx_word' id='word_1_131' title='bbox 455 820 493 824; x_wconf 83' lang='lat'>—</span> <span class='ocrx_word' id='word_1_132' title='bbox 514 811 577 832; x_wconf 89' lang='lat' dir='ltr'>non</span> <span class='ocrx_word' id='word_1_133' title='bbox 604 800 772 837; x_wconf 80' lang='lat' dir='ltr'>Bernabos,</span> <span class='ocrx_word' id='word_1_134' title='bbox 801 810 863 831; x_wconf 88' lang='lat' dir='ltr'>non</span> <span class='ocrx_word' id='word_1_135' title='bbox 893 799 1056 830; x_wconf 71' lang='lat' dir='ltr'>Galeatius</span> <span class='ocrx_word' id='word_1_136' title='bbox 1083 800 1122 830; x_wconf 90' lang='lat' dir='ltr'>de</span> <span class='ocrx_word' id='word_1_137' title='bbox 1154 799 1402 837; x_wconf 76' lang='lat' dir='ltr'>Vicecoinitibus,</span> <span class='ocrx_word' id='word_1_138' title='bbox 1424 810 1609 840; x_wconf 83' lang='lat' dir='ltr'>magnarum</span> <span class='ocrx_word' id='word_1_139' title='bbox 1635 811 1743 832; x_wconf 91' lang='lat' dir='ltr'>rerum</span> 
     </span>
     <span class='ocr_line' id='line_1_13' title="bbox 225 856 1743 900; baseline -0.001 -10"><span class='ocrx_word' id='word_1_140' title='bbox 225 860 326 900; x_wconf 77' lang='lat' dir='ltr'>gloria</span> <span class='ocrx_word' id='word_1_141' title='bbox 345 860 490 899; x_wconf 79' lang='lat' dir='ltr'>insignes,</span> <span class='ocrx_word' id='word_1_142' title='bbox 506 877 544 881; x_wconf 77' lang='lat'>-—</span> <span class='ocrx_word' id='word_1_143' title='bbox 558 869 621 889; x_wconf 91' lang='lat' dir='ltr'>non</span> <span class='ocrx_word' id='word_1_144' title='bbox 641 857 901 898; x_wconf 86' lang='lat' dir='ltr'>prudentissimus</span> <span class='ocrx_word' id='word_1_145' title='bbox 922 857 1099 897; x_wconf 81' lang='lat' dir='ltr'>principum</span> <span class='ocrx_word' id='word_1_146' title='bbox 1120 856 1304 887; x_wconf 81' lang='lat' dir='ltr'>Franciscus</span> <span class='ocrx_word' id='word_1_147' title='bbox 1325 857 1441 896; x_wconf 84' lang='lat' dir='ltr'>Senior,</span> <span class='ocrx_word' id='word_1_148' title='bbox 1464 860 1520 888; x_wconf 90' lang='lat' dir='ltr'>aut</span> <span class='ocrx_word' id='word_1_149' title='bbox 1541 858 1607 898; x_wconf 84' lang='lat' dir='ltr'>ejus</span> <span class='ocrx_word' id='word_1_150' title='bbox 1627 868 1743 897; x_wconf 86' lang='lat' dir='ltr'>parens</span> 
     </span>
     <span class='ocr_line' id='line_1_14' title="bbox 226 914 1743 954; baseline -0.001 -6"><span class='ocrx_word' id='word_1_151' title='bbox 226 917 364 949; x_wconf 81' lang='lat' dir='ltr'>Jacobus</span> <span class='ocrx_word' id='word_1_152' title='bbox 391 917 429 947; x_wconf 90' lang='lat' dir='ltr'>de</span> <span class='ocrx_word' id='word_1_153' title='bbox 461 915 617 952; x_wconf 81' lang='lat' dir='ltr'>Carraria,</span> <span class='ocrx_word' id='word_1_154' title='bbox 638 933 676 937; x_wconf 90' lang='lat'>—</span> <span class='ocrx_word' id='word_1_155' title='bbox 698 925 760 945; x_wconf 88' lang='grc'>11011</span> <span class='ocrx_word' id='word_1_156' title='bbox 789 915 843 954; x_wconf 88' lang='lat' dir='ltr'>qui</span> <span class='ocrx_word' id='word_1_157' title='bbox 864 924 969 945; x_wconf 89' lang='lat' dir='ltr'>omnes</span> <span class='ocrx_word' id='word_1_158' title='bbox 991 914 1117 951; x_wconf 80' lang='lat' dir='ltr'>virtute,</span> <span class='ocrx_word' id='word_1_159' title='bbox 1143 914 1251 954; x_wconf 77' lang='lat' dir='ltr'>gloria,</span> <span class='ocrx_word' id='word_1_160' title='bbox 1277 914 1408 954; x_wconf 87' lang='lat' dir='ltr'>imperio</span> <span class='ocrx_word' id='word_1_161' title='bbox 1429 915 1595 946; x_wconf 80' lang='lat' dir='ltr'>antecessit</span> <span class='ocrx_word' id='word_1_162' title='bbox 1615 915 1743 946; x_wconf 89' lang='lat' dir='ltr'>serenis-</span> 
     </span>
     <span class='ocr_line' id='line_1_15' title="bbox 224 971 1744 1011; baseline -0.001 -6"><span class='ocrx_word' id='word_1_163' title='bbox 224 975 319 1005; x_wconf 91' lang='lat' dir='ltr'>simus</span> <span class='ocrx_word' id='word_1_164' title='bbox 350 984 407 1005; x_wconf 81' lang='lat' dir='ltr'>rex</span> <span class='ocrx_word' id='word_1_165' title='bbox 437 973 601 1004; x_wconf 85' lang='lat' dir='ltr'>Robertus.</span> <span class='ocrx_word' id='word_1_166' title='bbox 632 972 754 1003; x_wconf 87' lang='lat' dir='ltr'>Horum</span> <span class='ocrx_word' id='word_1_167' title='bbox 784 971 837 1002; x_wconf 90' lang='lat' dir='ltr'>ille</span> <span class='ocrx_word' id='word_1_168' title='bbox 866 971 1003 1002; x_wconf 87' lang='grc'>011111111111</span> <span class='ocrx_word' id='word_1_169' title='bbox 1033 971 1186 1011; x_wconf 80' lang='lat' dir='ltr'>judicium</span> <span class='ocrx_word' id='word_1_170' title='bbox 1214 971 1354 1009; x_wconf 84' lang='lat' dir='ltr'>damnat,</span> <span class='ocrx_word' id='word_1_171' title='bbox 1385 982 1456 1002; x_wconf 88' lang='lat' dir='ltr'>cum</span> <span class='ocrx_word' id='word_1_172' title='bbox 1484 975 1593 1011; x_wconf 89' lang='lat' dir='ltr'>poetas</span> <span class='ocrx_word' id='word_1_173' title='bbox 1622 975 1744 1004; x_wconf 90' lang='lat' dir='ltr'>nostros</span> 
     </span>
     <span class='ocr_line' id='line_1_16' title="bbox 224 1029 1741 1069; baseline -0.001 -6"><span class='ocrx_word' id='word_1_174' title='bbox 224 1032 390 1063; x_wconf 82' lang='lat' dir='ltr'>histriones</span> <span class='ocrx_word' id='word_1_175' title='bbox 413 1031 497 1062; x_wconf 74' lang='lat' dir='ltr'>facit.</span> <span class='ocrx_word' id='word_1_176' title='bbox 526 1030 615 1068; x_wconf 81' lang='lat' dir='ltr'>Quod</span> <span class='ocrx_word' id='word_1_177' title='bbox 637 1030 661 1060; x_wconf 90' lang='lat' dir='ltr'>si</span> <span class='ocrx_word' id='word_1_178' title='bbox 682 1030 728 1060; x_wconf 83' lang='lat' dir='ltr'>ita</span> <span class='ocrx_word' id='word_1_179' title='bbox 750 1031 805 1065; x_wconf 86' lang='lat' dir='ltr'>est,</span> <span class='ocrx_word' id='word_1_180' title='bbox 826 1039 882 1060; x_wconf 91' lang='lat' dir='ltr'>cur</span> <span class='ocrx_word' id='word_1_181' title='bbox 903 1039 965 1059; x_wconf 85' lang='lat' dir='ltr'>non</span> <span class='ocrx_word' id='word_1_182' title='bbox 986 1031 1016 1059; x_wconf 88' lang='lat' dir='ltr'>et</span> <span class='ocrx_word' id='word_1_183' title='bbox 1038 1029 1204 1060; x_wconf 86' lang='lat' dir='ltr'>histriones</span> <span class='ocrx_word' id='word_1_184' title='bbox 1224 1039 1296 1060; x_wconf 87' lang='lat' dir='ltr'>suos</span> <span class='ocrx_word' id='word_1_185' title='bbox 1316 1031 1424 1069; x_wconf 82' lang='lat' dir='ltr'>poetas</span> <span class='ocrx_word' id='word_1_186' title='bbox 1446 1029 1548 1067; x_wconf 84' lang='lat' dir='ltr'>efficit,</span> <span class='ocrx_word' id='word_1_187' title='bbox 1569 1032 1601 1060; x_wconf 87' lang='lat' dir='ltr'>et</span> <span class='ocrx_word' id='word_1_188' title='bbox 1620 1030 1741 1068; x_wconf 82' lang='lat' dir='ltr'>laurea,</span> 
     </span>
     <span class='ocr_line' id='line_1_17' title="bbox 227 1086 1745 1130; baseline -0.001 -10"><span class='ocrx_word' id='word_1_189' title='bbox 227 1100 308 1130; x_wconf 86' lang='lat' dir='ltr'>quae</span> <span class='ocrx_word' id='word_1_190' title='bbox 330 1089 429 1129; x_wconf 84' lang='lat' dir='ltr'>poetis</span> <span class='ocrx_word' id='word_1_191' title='bbox 456 1087 650 1126; x_wconf 83' lang='lat' dir='ltr'>ducibusque</span> <span class='ocrx_word' id='word_1_192' title='bbox 670 1087 741 1117; x_wconf 88' lang='lat' dir='ltr'>solis</span> <span class='ocrx_word' id='word_1_193' title='bbox 770 1086 915 1122; x_wconf 80' lang='lat' dir='ltr'>debetur,</span> <span class='ocrx_word' id='word_1_194' title='bbox 943 1096 993 1116; x_wconf 87' lang='lat' dir='ltr'>eos</span> <span class='ocrx_word' id='word_1_195' title='bbox 1014 1086 1168 1117; x_wconf 64' lang='lat' dir='ltr'>exornat?</span> <span class='ocrx_word' id='word_1_196' title='bbox 1189 1086 1273 1117; x_wconf 80' lang='lat' dir='ltr'>Fecit</span> <span class='ocrx_word' id='word_1_197' title='bbox 1295 1086 1425 1117; x_wconf 86' lang='lat' dir='ltr'>fortasse</span> <span class='ocrx_word' id='word_1_198' title='bbox 1446 1087 1561 1117; x_wconf 88' lang='lat' dir='ltr'>milites</span> <span class='ocrx_word' id='word_1_199' title='bbox 1589 1087 1658 1127; x_wconf 86' lang='lat' dir='ltr'>(qui</span> <span class='ocrx_word' id='word_1_200' title='bbox 1678 1098 1745 1119; x_wconf 88' lang='lat' dir='ltr'>mos</span> 
     </span>
     <span class='ocr_line' id='line_1_18' title="bbox 226 1143 1744 1186; baseline -0.001 -9"><span class='ocrx_word' id='word_1_201' title='bbox 226 1147 311 1186; x_wconf 82' lang='lat' dir='ltr'>apud</span> <span class='ocrx_word' id='word_1_202' title='bbox 338 1146 494 1186; x_wconf 79' lang='lat' dir='ltr'>principes</span> <span class='ocrx_word' id='word_1_203' title='bbox 514 1145 545 1175; x_wconf 90' lang='lat' dir='ltr'>in</span> <span class='ocrx_word' id='word_1_204' title='bbox 567 1143 823 1175; x_wconf 85' lang='lat' dir='ltr'>consuetudinem</span> <span class='ocrx_word' id='word_1_205' title='bbox 844 1143 955 1181; x_wconf 81' lang='lat' dir='ltr'>venit),</span> <span class='ocrx_word' id='word_1_206' title='bbox 984 1145 1015 1174; x_wconf 81' lang='lat' dir='ltr'>et</span> <span class='ocrx_word' id='word_1_207' title='bbox 1036 1143 1160 1183; x_wconf 80' lang='lat' dir='ltr'>cingulo</span> <span class='ocrx_word' id='word_1_208' title='bbox 1185 1144 1351 1183; x_wconf 81' lang='lat' dir='ltr'>aureisque</span> <span class='ocrx_word' id='word_1_209' title='bbox 1380 1144 1554 1175; x_wconf 84' lang='lat' dir='ltr'>calcaribus</span> <span class='ocrx_word' id='word_1_210' title='bbox 1575 1144 1744 1176; x_wconf 81' lang='lat' dir='ltr'>decoravit.</span> 
     </span>
     <span class='ocr_line' id='line_1_19' title="bbox 228 1200 1744 1243; baseline 0.002 -12"><span class='ocrx_word' id='word_1_211' title='bbox 228 1203 318 1242; x_wconf 77' lang='lat' dir='ltr'>Quod</span> <span class='ocrx_word' id='word_1_212' title='bbox 347 1203 473 1243; x_wconf 84' lang='lat' dir='ltr'>quidem</span> <span class='ocrx_word' id='word_1_213' title='bbox 501 1204 622 1242; x_wconf 70' lang='lat' dir='ltr'>potest,</span> <span class='ocrx_word' id='word_1_214' title='bbox 642 1220 680 1224; x_wconf 94' lang='lat'>-—</span> <span class='ocrx_word' id='word_1_215' title='bbox 700 1204 809 1241; x_wconf 88' lang='lat' dir='ltr'>poetas</span> <span class='ocrx_word' id='word_1_216' title='bbox 837 1201 976 1240; x_wconf 84' lang='lat' dir='ltr'>profecto</span> <span class='ocrx_word' id='word_1_217' title='bbox 1002 1200 1106 1231; x_wconf 82' lang='lat' dir='ltr'>facere</span> <span class='ocrx_word' id='word_1_218' title='bbox 1126 1211 1189 1232; x_wconf 89' lang='grc'>11011</span> <span class='ocrx_word' id='word_1_219' title='bbox 1216 1201 1341 1240; x_wconf 82' lang='lat' dir='ltr'>poterit.</span> <span class='ocrx_word' id='word_1_220' title='bbox 1371 1201 1461 1239; x_wconf 74' lang='lat' dir='ltr'>Quod</span> <span class='ocrx_word' id='word_1_221' title='bbox 1481 1202 1507 1232; x_wconf 92' lang='lat' dir='ltr'>si</span> <span class='ocrx_word' id='word_1_222' title='bbox 1527 1202 1653 1242; x_wconf 88' lang='lat' dir='ltr'>quando</span> <span class='ocrx_word' id='word_1_223' title='bbox 1677 1202 1744 1234; x_wconf 83' lang='lat' dir='ltr'>tale</span> 
     </span>
     <span class='ocr_line' id='line_1_20' title="bbox 226 1258 1743 1301; baseline -0.001 -9"><span class='ocrx_word' id='word_1_224' title='bbox 226 1260 347 1301; x_wconf 80' lang='lat' dir='ltr'>aliquid</span> <span class='ocrx_word' id='word_1_225' title='bbox 371 1261 411 1291; x_wconf 87' lang='lat' dir='ltr'>ab</span> <span class='ocrx_word' id='word_1_226' title='bbox 437 1260 640 1290; x_wconf 84' lang='lat' dir='ltr'>histrionibus</span> <span class='ocrx_word' id='word_1_227' title='bbox 660 1259 723 1289; x_wconf 84' lang='lat' dir='ltr'>suis</span> <span class='ocrx_word' id='word_1_228' title='bbox 748 1258 924 1289; x_wconf 85' lang='lat' dir='ltr'>confectum</span> <span class='ocrx_word' id='word_1_229' title='bbox 951 1258 1073 1293; x_wconf 84' lang='lat' dir='ltr'>viderit,</span> <span class='ocrx_word' id='word_1_230' title='bbox 1094 1258 1189 1298; x_wconf 83' lang='lat' dir='ltr'>quale</span> <span class='ocrx_word' id='word_1_231' title='bbox 1210 1261 1257 1289; x_wconf 82' lang='lat' dir='ltr'>est</span> <span class='ocrx_word' id='word_1_232' title='bbox 1278 1258 1363 1298; x_wconf 83' lang='lat' dir='ltr'>apud</span> <span class='ocrx_word' id='word_1_233' title='bbox 1385 1258 1547 1290; x_wconf 85' lang='lat' dir='ltr'>Maronem</span> <span class='ocrx_word' id='word_1_234' title='bbox 1567 1262 1623 1290; x_wconf 82' lang='lat' dir='ltr'>aut</span> <span class='ocrx_word' id='word_1_235' title='bbox 1644 1270 1743 1291; x_wconf 88' lang='lat' dir='ltr'>unum</span> 
     </span>
     <span class='ocr_line' id='line_1_21' title="bbox 227 1315 1745 1358; baseline -0.001 -8"><span class='ocrx_word' id='word_1_236' title='bbox 227 1330 266 1350; x_wconf 82' lang='lat' dir='ltr'>ex</span> <span class='ocrx_word' id='word_1_237' title='bbox 286 1319 395 1358; x_wconf 87' lang='lat' dir='ltr'>poetis,</span> <span class='ocrx_word' id='word_1_238' title='bbox 417 1321 494 1349; x_wconf 88' lang='lat' dir='ltr'>tunc</span> <span class='ocrx_word' id='word_1_239' title='bbox 514 1327 577 1348; x_wconf 87' lang='lat' dir='ltr'>non</span> <span class='ocrx_word' id='word_1_240' title='bbox 600 1317 665 1357; x_wconf 85' lang='lat' dir='ltr'>jam</span> <span class='ocrx_word' id='word_1_241' title='bbox 688 1319 795 1356; x_wconf 84' lang='lat' dir='ltr'>poetas</span> <span class='ocrx_word' id='word_1_242' title='bbox 815 1316 992 1352; x_wconf 79' lang='lat' dir='ltr'>histriones,</span> <span class='ocrx_word' id='word_1_243' title='bbox 1018 1315 1082 1352; x_wconf 89' lang='lat' dir='ltr'>sed,</span> <span class='ocrx_word' id='word_1_244' title='bbox 1112 1326 1161 1346; x_wconf 89' lang='grc'>1110</span> <span class='ocrx_word' id='word_1_245' title='bbox 1182 1326 1307 1356; x_wconf 84' lang='lat' dir='ltr'>quoque</span> <span class='ocrx_word' id='word_1_246' title='bbox 1328 1316 1460 1353; x_wconf 79' lang='lat' dir='ltr'>fatente,</span> <span class='ocrx_word' id='word_1_247' title='bbox 1488 1316 1652 1348; x_wconf 83' lang='lat' dir='ltr'>histriones</span> <span class='ocrx_word' id='word_1_248' title='bbox 1672 1327 1745 1348; x_wconf 84' lang='lat' dir='ltr'>suos</span> 
     </span>
     <span class='ocr_line' id='line_1_22' title="bbox 227 1372 1744 1420; baseline -0.003 -10"><span class='ocrx_word' id='word_1_249' title='bbox 227 1382 336 1420; x_wconf 84' lang='lat' dir='ltr'>poetas</span> <span class='ocrx_word' id='word_1_250' title='bbox 356 1376 504 1416; x_wconf 81' lang='lat' dir='ltr'>appellet.</span> <span class='ocrx_word' id='word_1_251' title='bbox 526 1376 572 1406; x_wconf 87' lang='lat' dir='ltr'>Ac</span> <span class='ocrx_word' id='word_1_252' title='bbox 587 1374 774 1411; x_wconf 78' lang='lat' dir='ltr'>faelix,1neo</span> <span class='ocrx_word' id='word_1_253' title='bbox 788 1373 914 1413; x_wconf 85' lang='lat' dir='ltr'>quidem</span> <span class='ocrx_word' id='word_1_254' title='bbox 931 1372 1049 1413; x_wconf 86' lang='lat' dir='ltr'>judicio</span> <span class='ocrx_word' id='word_1_255' title='bbox 1070 1375 1160 1410; x_wconf 88' lang='lat' dir='ltr'>esset,</span> <span class='ocrx_word' id='word_1_256' title='bbox 1174 1373 1199 1403; x_wconf 90' lang='lat' dir='ltr'>si</span> <span class='ocrx_word' id='word_1_257' title='bbox 1214 1374 1283 1412; x_wconf 80' lang='lat' dir='ltr'>quis</span> <span class='ocrx_word' id='word_1_258' title='bbox 1297 1373 1370 1404; x_wconf 87' lang='lat' dir='ltr'>talis</span> <span class='ocrx_word' id='word_1_259' title='bbox 1392 1373 1511 1411; x_wconf 82' lang='lat' dir='ltr'>histrio,</span> <span class='ocrx_word' id='word_1_260' title='bbox 1533 1374 1637 1414; x_wconf 85' lang='lat' dir='ltr'>qualis</span> <span class='ocrx_word' id='word_1_261' title='bbox 1653 1373 1744 1405; x_wconf 87' lang='lat' dir='ltr'>Maro</span> 
     </span>
     <span class='ocr_line' id='line_1_23' title="bbox 226 1430 1744 1475; baseline -0.003 -7"><span class='ocrx_word' id='word_1_262' title='bbox 226 1437 297 1474; x_wconf 85' lang='lat' dir='ltr'>fuit,</span> <span class='ocrx_word' id='word_1_263' title='bbox 312 1438 368 1467; x_wconf 87' lang='lat' dir='ltr'>aut</span> <span class='ocrx_word' id='word_1_264' title='bbox 384 1434 485 1475; x_wconf 79' lang='lat' dir='ltr'>quivis</span> <span class='ocrx_word' id='word_1_265' title='bbox 505 1433 652 1464; x_wconf 87' lang='lat' dir='ltr'>minimus</span> <span class='ocrx_word' id='word_1_266' title='bbox 667 1442 705 1463; x_wconf 83' lang='lat' dir='ltr'>ex</span> <span class='ocrx_word' id='word_1_267' title='bbox 719 1431 819 1471; x_wconf 85' lang='lat' dir='ltr'>poetis</span> <span class='ocrx_word' id='word_1_268' title='bbox 833 1431 865 1461; x_wconf 90' lang='lat' dir='ltr'>in</span> <span class='ocrx_word' id='word_1_269' title='bbox 880 1431 968 1462; x_wconf 86' lang='lat' dir='ltr'>curia</span> <span class='ocrx_word' id='word_1_270' title='bbox 990 1441 1047 1461; x_wconf 88' lang='lat' dir='ltr'>sua</span> <span class='ocrx_word' id='word_1_271' title='bbox 1068 1430 1297 1461; x_wconf 83' lang='lat' dir='ltr'>obversaretur.</span> <span class='ocrx_word' id='word_1_272' title='bbox 1319 1430 1497 1462; x_wconf 87' lang='lat' dir='ltr'>Meminisse</span> <span class='ocrx_word' id='word_1_273' title='bbox 1513 1432 1596 1462; x_wconf 88' lang='grc'>0111111</span> <span class='ocrx_word' id='word_1_274' title='bbox 1611 1434 1744 1471; x_wconf 80' lang='lat' dir='ltr'>oportet,</span> 
     </span>
     <span class='ocr_line' id='line_1_24' title="bbox 224 1488 1745 1535; baseline -0.003 -10"><span class='ocrx_word' id='word_1_275' title='bbox 224 1495 291 1535; x_wconf 79' lang='lat' dir='ltr'>jam</span> <span class='ocrx_word' id='word_1_276' title='bbox 311 1493 445 1524; x_wconf 82' lang='lat' dir='ltr'>rariores</span> <span class='ocrx_word' id='word_1_277' title='bbox 464 1490 667 1531; x_wconf 80' lang='lat' dir='ltr'>phoenicibus</span> <span class='ocrx_word' id='word_1_278' title='bbox 688 1491 796 1529; x_wconf 84' lang='lat' dir='ltr'>poetas</span> <span class='ocrx_word' id='word_1_279' title='bbox 817 1498 890 1525; x_wconf 83' lang='lat' dir='ltr'>esse,</span> <span class='ocrx_word' id='word_1_280' title='bbox 913 1497 1009 1527; x_wconf 81' lang='lat' dir='ltr'>quam</span> <span class='ocrx_word' id='word_1_281' title='bbox 1029 1498 1153 1527; x_wconf 82' lang='lat' dir='ltr'>semper</span> <span class='ocrx_word' id='word_1_282' title='bbox 1172 1488 1309 1527; x_wconf 85' lang='lat' dir='ltr'>phoenix</span> <span class='ocrx_word' id='word_1_283' title='bbox 1330 1488 1453 1528; x_wconf 83' lang='lat' dir='ltr'>aliquis,</span> <span class='ocrx_word' id='word_1_284' title='bbox 1468 1488 1542 1520; x_wconf 89' lang='lat' dir='ltr'>licet</span> <span class='ocrx_word' id='word_1_285' title='bbox 1563 1489 1683 1527; x_wconf 82' lang='lat' dir='ltr'>unicus,</span> <span class='ocrx_word' id='word_1_286' title='bbox 1699 1499 1745 1520; x_wconf 88' lang='lat' dir='ltr'>re-</span> 
     </span>
     <span class='ocr_line' id='line_1_25' title="bbox 226 1545 1745 1592; baseline -0.003 -10"><span class='ocrx_word' id='word_1_287' title='bbox 226 1551 379 1592; x_wconf 83' lang='lat' dir='ltr'>periatur,</span> <span class='ocrx_word' id='word_1_288' title='bbox 399 1552 435 1580; x_wconf 89' lang='lat' dir='ltr'>ut</span> <span class='ocrx_word' id='word_1_289' title='bbox 462 1549 564 1589; x_wconf 84' lang='lat' dir='ltr'>ajunt,</span> <span class='ocrx_word' id='word_1_290' title='bbox 585 1566 623 1570; x_wconf 81' lang='lat'>—-</span> <span class='ocrx_word' id='word_1_291' title='bbox 645 1546 821 1577; x_wconf 82' lang='lat' dir='ltr'>rarissimus</span> <span class='ocrx_word' id='word_1_292' title='bbox 849 1548 957 1577; x_wconf 88' lang='lat' dir='ltr'>autem</span> <span class='ocrx_word' id='word_1_293' title='bbox 977 1556 1014 1576; x_wconf 91' lang='lat' dir='ltr'>ac</span> <span class='ocrx_word' id='word_1_294' title='bbox 1035 1546 1086 1576; x_wconf 81' lang='lat' dir='ltr'>vix</span> <span class='ocrx_word' id='word_1_295' title='bbox 1107 1546 1140 1576; x_wconf 86' lang='lat' dir='ltr'>in</span> <span class='ocrx_word' id='word_1_296' title='bbox 1161 1545 1269 1576; x_wconf 89' lang='lat' dir='ltr'>multis</span> <span class='ocrx_word' id='word_1_297' title='bbox 1296 1545 1427 1576; x_wconf 78' lang='lat' dir='ltr'>saeculis</span> <span class='ocrx_word' id='word_1_298' title='bbox 1458 1556 1539 1577; x_wconf 89' lang='lat' dir='ltr'>unus</span> <span class='ocrx_word' id='word_1_299' title='bbox 1558 1549 1652 1586; x_wconf 88' lang='lat' dir='ltr'>poeta</span> <span class='ocrx_word' id='word_1_300' title='bbox 1676 1547 1745 1587; x_wconf 84' lang='lat' dir='ltr'>jam</span> 
     </span>
     <span class='ocr_line' id='line_1_26' title="bbox 227 1603 1744 1649; baseline -0.002 -10"><span class='ocrx_word' id='word_1_301' title='bbox 227 1608 365 1649; x_wconf 74' lang='lat' dir='ltr'>prodeat,</span> <span class='ocrx_word' id='word_1_302' title='bbox 382 1607 467 1637; x_wconf 82' lang='lat' dir='ltr'>Rara</span> <span class='ocrx_word' id='word_1_303' title='bbox 481 1608 554 1636; x_wconf 89' lang='lat' dir='ltr'>sunt</span> <span class='ocrx_word' id='word_1_304' title='bbox 570 1605 727 1636; x_wconf 88' lang='lat' dir='ltr'>coelorum</span> <span class='ocrx_word' id='word_1_305' title='bbox 748 1613 888 1634; x_wconf 87' lang='lat' dir='ltr'>munera.</span> <span class='ocrx_word' id='word_1_306' title='bbox 911 1603 950 1633; x_wconf 86' lang='lat' dir='ltr'>Et</span> <span class='ocrx_word' id='word_1_307' title='bbox 964 1605 1080 1639; x_wconf 74' lang='lat' dir='ltr'>tamen,</span> <span class='ocrx_word' id='word_1_308' title='bbox 1101 1603 1127 1633; x_wconf 91' lang='lat' dir='ltr'>si</span> <span class='ocrx_word' id='word_1_309' title='bbox 1147 1603 1265 1642; x_wconf 87' lang='lat' dir='ltr'>pierius</span> <span class='ocrx_word' id='word_1_310' title='bbox 1279 1603 1409 1642; x_wconf 85' lang='lat' dir='ltr'>spiritus</span> <span class='ocrx_word' id='word_1_311' title='bbox 1428 1603 1521 1634; x_wconf 79' lang='lat' dir='ltr'>datus</span> <span class='ocrx_word' id='word_1_312' title='bbox 1537 1606 1592 1641; x_wconf 88' lang='lat' dir='ltr'>est,</span> <span class='ocrx_word' id='word_1_313' title='bbox 1613 1604 1668 1635; x_wconf 89' lang='grc'>1105</span> <span class='ocrx_word' id='word_1_314' title='bbox 1683 1604 1744 1636; x_wconf 80' lang='lat' dir='ltr'>iste</span> 
     </span>
     <span class='ocr_line' id='line_1_27' title="bbox 227 1659 1746 1706; baseline -0.003 -10"><span class='ocrx_word' id='word_1_315' title='bbox 227 1664 368 1706; x_wconf 84' lang='lat' dir='ltr'>appellat</span> <span class='ocrx_word' id='word_1_316' title='bbox 390 1663 565 1699; x_wconf 72' lang='lat' dir='ltr'>histriones,</span> <span class='ocrx_word' id='word_1_317' title='bbox 587 1662 699 1693; x_wconf 87' lang='lat' dir='ltr'>horum</span> <span class='ocrx_word' id='word_1_318' title='bbox 719 1663 841 1692; x_wconf 88' lang='lat' dir='ltr'>statuas</span> <span class='ocrx_word' id='word_1_319' title='bbox 862 1660 1041 1696; x_wconf 85' lang='lat' dir='ltr'>demolitur,</span> <span class='ocrx_word' id='word_1_320' title='bbox 1062 1660 1117 1691; x_wconf 91' lang='lat' dir='ltr'>hos</span> <span class='ocrx_word' id='word_1_321' title='bbox 1138 1660 1243 1699; x_wconf 78' lang='lat' dir='ltr'>patria</span> <span class='ocrx_word' id='word_1_322' title='bbox 1264 1669 1321 1690; x_wconf 88' lang='lat' dir='ltr'>sua</span> <span class='ocrx_word' id='word_1_323' title='bbox 1343 1659 1443 1700; x_wconf 85' lang='lat' dir='ltr'>pellit,</span> <span class='ocrx_word' id='word_1_324' title='bbox 1458 1660 1525 1700; x_wconf 79' lang='lat' dir='ltr'>ejus</span> <span class='ocrx_word' id='word_1_325' title='bbox 1546 1660 1678 1692; x_wconf 85' lang='lat' dir='ltr'>fortasse</span> <span class='ocrx_word' id='word_1_326' title='bbox 1696 1661 1746 1701; x_wconf 84' lang='lat' dir='ltr'>ju-</span> 
     </span>
     <span class='ocr_line' id='line_1_28' title="bbox 228 1717 1745 1759; baseline -0.002 -6"><span class='ocrx_word' id='word_1_327' title='bbox 228 1723 345 1754; x_wconf 86' lang='lat' dir='ltr'>dicium</span> <span class='ocrx_word' id='word_1_328' title='bbox 367 1720 651 1759; x_wconf 82' lang='lat' dir='ltr'>auctoritatemque</span> <span class='ocrx_word' id='word_1_329' title='bbox 679 1721 839 1759; x_wconf 86' lang='lat' dir='ltr'>sequutus,</span> <span class='ocrx_word' id='word_1_330' title='bbox 861 1718 915 1757; x_wconf 88' lang='lat' dir='ltr'>qui</span> <span class='ocrx_word' id='word_1_331' title='bbox 936 1720 1044 1757; x_wconf 86' lang='lat' dir='ltr'>poetas</span> <span class='ocrx_word' id='word_1_332' title='bbox 1070 1718 1148 1749; x_wconf 85' lang='lat' dir='ltr'>urbe</span> <span class='ocrx_word' id='word_1_333' title='bbox 1170 1717 1330 1757; x_wconf 87' lang='lat' dir='ltr'>pellendos</span> <span class='ocrx_word' id='word_1_334' title='bbox 1352 1717 1481 1748; x_wconf 84' lang='lat' dir='ltr'>censuit.</span> <span class='ocrx_word' id='word_1_335' title='bbox 1511 1717 1593 1749; x_wconf 88' lang='lat' dir='ltr'>Nam</span> <span class='ocrx_word' id='word_1_336' title='bbox 1614 1728 1676 1749; x_wconf 91' lang='lat' dir='ltr'>non</span> <span class='ocrx_word' id='word_1_337' title='bbox 1697 1720 1745 1750; x_wconf 85' lang='lat' dir='ltr'>est</span> 
     </span>
     <span class='ocr_line' id='line_1_29' title="bbox 228 1774 1742 1815; baseline -0.003 -4"><span class='ocrx_word' id='word_1_338' title='bbox 228 1781 306 1811; x_wconf 86' lang='lat' dir='ltr'>haec</span> <span class='ocrx_word' id='word_1_339' title='bbox 325 1789 405 1809; x_wconf 82' lang='lat' dir='ltr'>nova</span> <span class='ocrx_word' id='word_1_340' title='bbox 426 1777 592 1808; x_wconf 87' lang='lat' dir='ltr'>sententia.</span> <span class='ocrx_word' id='word_1_341' title='bbox 614 1776 674 1808; x_wconf 85' lang='lat' dir='ltr'>Sed</span> <span class='ocrx_word' id='word_1_342' title='bbox 689 1776 759 1815; x_wconf 86' lang='lat' dir='ltr'>quis</span> <span class='ocrx_word' id='word_1_343' title='bbox 775 1775 921 1806; x_wconf 86' lang='lat' dir='ltr'>dubitare</span> <span class='ocrx_word' id='word_1_344' title='bbox 942 1777 1054 1815; x_wconf 82' lang='lat' dir='ltr'>posset,</span> <span class='ocrx_word' id='word_1_345' title='bbox 1069 1774 1168 1812; x_wconf 86' lang='grc'>11111111,</span> <span class='ocrx_word' id='word_1_346' title='bbox 1190 1785 1287 1814; x_wconf 86' lang='lat' dir='ltr'>quum</span> <span class='ocrx_word' id='word_1_347' title='bbox 1303 1777 1412 1814; x_wconf 83' lang='lat' dir='ltr'>poetas</span> <span class='ocrx_word' id='word_1_348' title='bbox 1433 1775 1552 1806; x_wconf 86' lang='lat' dir='ltr'>diceret</span> <span class='ocrx_word' id='word_1_349' title='bbox 1566 1775 1742 1813; x_wconf 82' lang='lat' dir='ltr'>histriones,</span> 
     </span>
     <span class='ocr_line' id='line_1_30' title="bbox 228 1831 1745 1872; baseline -0.003 -4"><span class='ocrx_word' id='word_1_350' title='bbox 228 1838 267 1868; x_wconf 89' lang='lat' dir='ltr'>de</span> <span class='ocrx_word' id='word_1_351' title='bbox 280 1836 429 1867; x_wconf 85' lang='lat' dir='ltr'>ministris</span> <span class='ocrx_word' id='word_1_352' title='bbox 450 1845 560 1866; x_wconf 83' lang='lat' dir='ltr'>scenae</span> <span class='ocrx_word' id='word_1_353' title='bbox 582 1833 762 1870; x_wconf 84' lang='lat' dir='ltr'>intendisse,</span> <span class='ocrx_word' id='word_1_354' title='bbox 784 1832 831 1863; x_wconf 90' lang='lat' dir='ltr'>his</span> <span class='ocrx_word' id='word_1_355' title='bbox 846 1832 964 1863; x_wconf 85' lang='lat' dir='ltr'>scilicet</span> <span class='ocrx_word' id='word_1_356' title='bbox 984 1832 1039 1872; x_wconf 84' lang='lat' dir='ltr'>qui</span> <span class='ocrx_word' id='word_1_357' title='bbox 1054 1832 1179 1863; x_wconf 78' lang='lat' dir='ltr'>fabulas</span> <span class='ocrx_word' id='word_1_358' title='bbox 1200 1835 1339 1871; x_wconf 79' lang='lat' dir='ltr'>agerent,</span> <span class='ocrx_word' id='word_1_359' title='bbox 1357 1842 1491 1872; x_wconf 89' lang='lat' dir='ltr'>quorum</span> <span class='ocrx_word' id='word_1_360' title='bbox 1511 1831 1594 1863; x_wconf 88' lang='lat' dir='ltr'>ludis</span> <span class='ocrx_word' id='word_1_361' title='bbox 1610 1832 1745 1872; x_wconf 87' lang='lat' dir='ltr'>populus</span> 
     </span>
     <span class='ocr_line' id='line_1_31' title="bbox 227 1888 1743 1929; baseline -0.003 -4"><span class='ocrx_word' id='word_1_362' title='bbox 227 1894 267 1926; x_wconf 83' lang='lat' dir='ltr'>ad</span> <span class='ocrx_word' id='word_1_363' title='bbox 288 1893 447 1925; x_wconf 83' lang='lat' dir='ltr'>lasciviam</span> <span class='ocrx_word' id='word_1_364' title='bbox 468 1891 596 1923; x_wconf 86' lang='lat' dir='ltr'>abonis</span> <span class='ocrx_word' id='word_1_365' title='bbox 624 1891 764 1922; x_wconf 88' lang='lat' dir='ltr'>moribus</span> <span class='ocrx_word' id='word_1_366' title='bbox 790 1892 996 1921; x_wconf 82' lang='lat' dir='ltr'>averteretur.</span> <span class='ocrx_word' id='word_1_367' title='bbox 1026 1888 1087 1920; x_wconf 84' lang='lat' dir='ltr'>Sed</span> <span class='ocrx_word' id='word_1_368' title='bbox 1114 1889 1178 1920; x_wconf 81' lang='lat' dir='ltr'>alia</span> <span class='ocrx_word' id='word_1_369' title='bbox 1206 1892 1252 1920; x_wconf 81' lang='lat' dir='ltr'>est</span> <span class='ocrx_word' id='word_1_370' title='bbox 1279 1891 1445 1929; x_wconf 83' lang='lat' dir='ltr'>poetarum</span> <span class='ocrx_word' id='word_1_371' title='bbox 1472 1889 1554 1920; x_wconf 88' lang='lat' dir='ltr'>ratio</span> <span class='ocrx_word' id='word_1_372' title='bbox 1575 1891 1607 1921; x_wconf 90' lang='lat' dir='ltr'>et</span> <span class='ocrx_word' id='word_1_373' title='bbox 1634 1900 1743 1921; x_wconf 89' lang='lat' dir='ltr'>eorum</span> 
     </span>
     <span class='ocr_line' id='line_1_32' title="bbox 227 1946 1746 1990; baseline -0.004 -7"><span class='ocrx_word' id='word_1_374' title='bbox 227 1952 364 1983; x_wconf 79' lang='lat' dir='ltr'>maxime</span> <span class='ocrx_word' id='word_1_375' title='bbox 386 1951 441 1990; x_wconf 89' lang='lat' dir='ltr'>qui</span> <span class='ocrx_word' id='word_1_376' title='bbox 462 1950 587 1980; x_wconf 88' lang='lat' dir='ltr'>heroica</span> <span class='ocrx_word' id='word_1_377' title='bbox 606 1949 808 1988; x_wconf 88' lang='lat' dir='ltr'>scripserunt,</span> <span class='ocrx_word' id='word_1_378' title='bbox 836 1957 971 1987; x_wconf 86' lang='lat' dir='ltr'>quorum</span> <span class='ocrx_word' id='word_1_379' title='bbox 993 1957 1091 1977; x_wconf 91' lang='lat' dir='ltr'>unum</span> <span class='ocrx_word' id='word_1_380' title='bbox 1118 1947 1312 1987; x_wconf 88' lang='lat' dir='ltr'>propositum</span> <span class='ocrx_word' id='word_1_381' title='bbox 1334 1946 1429 1986; x_wconf 85' lang='lat' dir='ltr'>idque</span> <span class='ocrx_word' id='word_1_382' title='bbox 1456 1947 1593 1986; x_wconf 88' lang='lat' dir='ltr'>primum</span> <span class='ocrx_word' id='word_1_383' title='bbox 1614 1949 1662 1978; x_wconf 88' lang='lat' dir='ltr'>est</span> <span class='ocrx_word' id='word_1_384' title='bbox 1686 1947 1746 1978; x_wconf 86' lang='lat' dir='ltr'>vir-</span> 
     </span>
     <span class='ocr_line' id='line_1_33' title="bbox 226 2003 1745 2046; baseline -0.003 -6"><span class='ocrx_word' id='word_1_385' title='bbox 226 2012 329 2041; x_wconf 86' lang='lat' dir='ltr'>tutem</span> <span class='ocrx_word' id='word_1_386' title='bbox 349 2008 490 2046; x_wconf 85' lang='lat' dir='ltr'>laudare,</span> <span class='ocrx_word' id='word_1_387' title='bbox 512 2007 587 2038; x_wconf 82' lang='lat' dir='ltr'>vitio</span> <span class='ocrx_word' id='word_1_388' title='bbox 608 2005 863 2046; x_wconf 81' lang='lat' dir='ltr'>turpitudinique</span> <span class='ocrx_word' id='word_1_389' title='bbox 883 2004 1060 2035; x_wconf 81' lang='lat' dir='ltr'>detrahere.</span> <span class='ocrx_word' id='word_1_390' title='bbox 1082 2003 1169 2034; x_wconf 82' lang='lat' dir='ltr'>Haec</span> <span class='ocrx_word' id='word_1_391' title='bbox 1190 2006 1272 2041; x_wconf 85' lang='lat' dir='ltr'>sunt,</span> <span class='ocrx_word' id='word_1_392' title='bbox 1295 2004 1460 2041; x_wconf 88' lang='lat' dir='ltr'>Ludovice,</span> <span class='ocrx_word' id='word_1_393' title='bbox 1481 2014 1563 2044; x_wconf 87' lang='lat' dir='ltr'>quae</span> <span class='ocrx_word' id='word_1_394' title='bbox 1585 2004 1688 2035; x_wconf 85' lang='lat' dir='ltr'>dicere</span> <span class='ocrx_word' id='word_1_395' title='bbox 1702 2004 1745 2036; x_wconf 90' lang='lat' dir='ltr'>ad</span> 
     </span>
     <span class='ocr_line' id='line_1_34' title="bbox 226 2061 1744 2106; baseline -0.003 -9"><span class='ocrx_word' id='word_1_396' title='bbox 226 2069 258 2098; x_wconf 87' lang='lat' dir='ltr'>te</span> <span class='ocrx_word' id='word_1_397' title='bbox 279 2066 373 2103; x_wconf 87' lang='lat' dir='ltr'>volui,</span> <span class='ocrx_word' id='word_1_398' title='bbox 393 2065 535 2106; x_wconf 82' lang='lat' dir='ltr'>longiora</span> <span class='ocrx_word' id='word_1_399' title='bbox 555 2064 689 2095; x_wconf 81' lang='lat' dir='ltr'>fortasse</span> <span class='ocrx_word' id='word_1_400' title='bbox 712 2073 809 2103; x_wconf 87' lang='lat' dir='ltr'>quam</span> <span class='ocrx_word' id='word_1_401' title='bbox 829 2061 941 2093; x_wconf 86' lang='lat' dir='ltr'>audire</span> <span class='ocrx_word' id='word_1_402' title='bbox 965 2061 1071 2098; x_wconf 78' lang='lat' dir='ltr'>velles,</span> <span class='ocrx_word' id='word_1_403' title='bbox 1092 2061 1238 2092; x_wconf 86' lang='lat' dir='ltr'>breviora</span> <span class='ocrx_word' id='word_1_404' title='bbox 1264 2061 1395 2092; x_wconf 84' lang='lat' dir='ltr'>fortasse</span> <span class='ocrx_word' id='word_1_405' title='bbox 1417 2072 1513 2102; x_wconf 88' lang='lat' dir='ltr'>quam</span> <span class='ocrx_word' id='word_1_406' title='bbox 1540 2061 1629 2093; x_wconf 90' lang='lat' dir='ltr'>dolor</span> <span class='ocrx_word' id='word_1_407' title='bbox 1649 2061 1744 2102; x_wconf 76' lang='lat' dir='ltr'>&#39;mipe-</span> 
     </span>
     <span class='ocr_line' id='line_1_35' title="bbox 225 2118 1745 2164; baseline -0.003 -9"><span class='ocrx_word' id='word_1_408' title='bbox 225 2127 340 2164; x_wconf 82' lang='lat' dir='ltr'>tusque</span> <span class='ocrx_word' id='word_1_409' title='bbox 360 2132 447 2153; x_wconf 86' lang='lat' dir='ltr'>meus</span> <span class='ocrx_word' id='word_1_410' title='bbox 468 2122 594 2153; x_wconf 87' lang='lat' dir='ltr'>ferrent.</span> <span class='ocrx_word' id='word_1_411' title='bbox 625 2120 682 2158; x_wconf 77' lang='lat' dir='ltr'>Tu,</span> <span class='ocrx_word' id='word_1_412' title='bbox 703 2120 729 2150; x_wconf 86' lang='lat' dir='ltr'>si</span> <span class='ocrx_word' id='word_1_413' title='bbox 749 2130 813 2160; x_wconf 87' lang='lat' dir='ltr'>qua</span> <span class='ocrx_word' id='word_1_414' title='bbox 834 2119 885 2150; x_wconf 80' lang='lat' dir='ltr'>via</span> <span class='ocrx_word' id='word_1_415' title='bbox 906 2121 961 2156; x_wconf 76' lang='lat' dir='ltr'>est,</span> <span class='ocrx_word' id='word_1_416' title='bbox 988 2119 1162 2158; x_wconf 85' lang='lat' dir='ltr'>principem</span> <span class='ocrx_word' id='word_1_417' title='bbox 1190 2118 1334 2159; x_wconf 89' lang='lat' dir='ltr'>princeps</span> <span class='ocrx_word' id='word_1_418' title='bbox 1355 2119 1492 2156; x_wconf 89' lang='lat' dir='ltr'>hortare,</span> <span class='ocrx_word' id='word_1_419' title='bbox 1520 2119 1567 2150; x_wconf 91' lang='lat' dir='ltr'>uti</span> <span class='ocrx_word' id='word_1_420' title='bbox 1588 2119 1745 2151; x_wconf 86' lang='lat' dir='ltr'>sententia</span> 
     </span>
     <span class='ocr_line' id='line_1_36' title="bbox 226 2175 1744 2220; baseline -0.003 -8"><span class='ocrx_word' id='word_1_421' title='bbox 226 2181 327 2218; x_wconf 86' lang='lat' dir='ltr'>cedat,</span> <span class='ocrx_word' id='word_1_422' title='bbox 348 2182 456 2220; x_wconf 85' lang='lat' dir='ltr'>poetas</span> <span class='ocrx_word' id='word_1_423' title='bbox 477 2181 691 2218; x_wconf 85' lang='lat' dir='ltr'>oratoresque,</span> <span class='ocrx_word' id='word_1_424' title='bbox 712 2177 737 2208; x_wconf 87' lang='lat' dir='ltr'>si</span> <span class='ocrx_word' id='word_1_425' title='bbox 757 2187 819 2208; x_wconf 91' lang='lat' dir='ltr'>non</span> <span class='ocrx_word' id='word_1_426' title='bbox 840 2176 917 2207; x_wconf 85' lang='lat' dir='ltr'>dicit</span> <span class='ocrx_word' id='word_1_427' title='bbox 947 2176 1065 2207; x_wconf 90' lang='lat' dir='ltr'>honore</span> <span class='ocrx_word' id='word_1_428' title='bbox 1085 2175 1203 2215; x_wconf 85' lang='lat' dir='ltr'>dignos,</span> <span class='ocrx_word' id='word_1_429' title='bbox 1233 2178 1265 2206; x_wconf 89' lang='lat' dir='ltr'>et</span> <span class='ocrx_word' id='word_1_430' title='bbox 1285 2176 1397 2207; x_wconf 86' lang='lat' dir='ltr'>saltem</span> <span class='ocrx_word' id='word_1_431' title='bbox 1418 2187 1480 2208; x_wconf 89' lang='lat' dir='ltr'>non</span> <span class='ocrx_word' id='word_1_432' title='bbox 1507 2178 1679 2209; x_wconf 88' lang='lat' dir='ltr'>insectetur</span> <span class='ocrx_word' id='word_1_433' title='bbox 1698 2177 1744 2208; x_wconf 91' lang='lat' dir='ltr'>in-</span> 
     </span>
     <span class='ocr_line' id='line_1_37' title="bbox 226 2233 1744 2277; baseline -0.003 -8"><span class='ocrx_word' id='word_1_434' title='bbox 226 2238 330 2269; x_wconf 84' lang='lat' dir='ltr'>famia.</span> <span class='ocrx_word' id='word_1_435' title='bbox 353 2237 438 2269; x_wconf 87' lang='lat' dir='ltr'>Bene</span> <span class='ocrx_word' id='word_1_436' title='bbox 459 2236 554 2277; x_wconf 85' lang='lat' dir='ltr'>gestis</span> <span class='ocrx_word' id='word_1_437' title='bbox 573 2235 636 2266; x_wconf 92' lang='lat' dir='ltr'>suis</span> <span class='ocrx_word' id='word_1_438' title='bbox 657 2234 857 2274; x_wconf 76' lang='lat' dir='ltr'>amplissimis</span> <span class='ocrx_word' id='word_1_439' title='bbox 878 2237 910 2264; x_wconf 88' lang='lat' dir='ltr'>et</span> <span class='ocrx_word' id='word_1_440' title='bbox 925 2233 1064 2264; x_wconf 86' lang='lat' dir='ltr'>claritati</span> <span class='ocrx_word' id='word_1_441' title='bbox 1085 2233 1218 2264; x_wconf 81' lang='lat' dir='ltr'>nominis</span> <span class='ocrx_word' id='word_1_442' title='bbox 1239 2235 1347 2264; x_wconf 85' lang='lat' dir='ltr'>notam</span> <span class='ocrx_word' id='word_1_443' title='bbox 1362 2234 1443 2265; x_wconf 89' lang='lat' dir='ltr'>hanc</span> <span class='ocrx_word' id='word_1_444' title='bbox 1464 2234 1598 2266; x_wconf 87' lang='lat' dir='ltr'>auferat.</span> <span class='ocrx_word' id='word_1_445' title='bbox 1620 2234 1660 2265; x_wconf 86' lang='lat' dir='ltr'>Et</span> <span class='ocrx_word' id='word_1_446' title='bbox 1676 2234 1744 2265; x_wconf 91' lang='lat' dir='ltr'>Vir-</span> 
     </span>
     <span class='ocr_line' id='line_1_38' title="bbox 226 2291 1741 2335; baseline -0.002 -10"><span class='ocrx_word' id='word_1_447' title='bbox 226 2295 292 2335; x_wconf 72' lang='lat' dir='ltr'>gilii</span> <span class='ocrx_word' id='word_1_448' title='bbox 312 2297 462 2331; x_wconf 87' lang='lat' dir='ltr'>statuam,</span> <span class='ocrx_word' id='word_1_449' title='bbox 477 2304 573 2334; x_wconf 87' lang='lat' dir='ltr'>quam</span> <span class='ocrx_word' id='word_1_450' title='bbox 589 2292 713 2330; x_wconf 84' lang='lat' dir='ltr'>evertit,</span> <span class='ocrx_word' id='word_1_451' title='bbox 734 2291 1003 2332; x_wconf 75' lang='lat' dir='ltr'>inagnificcntiore</span> <span class='ocrx_word' id='word_1_452' title='bbox 1024 2291 1196 2330; x_wconf 62' lang='grc' dir='ltr'>1111110115οἳ</span> <span class='ocrx_word' id='word_1_453' title='bbox 1219 2293 1254 2321; x_wconf 92' lang='lat' dir='ltr'>ut</span> <span class='ocrx_word' id='word_1_454' title='bbox 1268 2301 1299 2322; x_wconf 87' lang='lat' dir='ltr'>se</span> <span class='ocrx_word' id='word_1_455' title='bbox 1314 2294 1413 2331; x_wconf 76' lang='lat' dir='ltr'>utque</span> <span class='ocrx_word' id='word_1_456' title='bbox 1434 2291 1587 2333; x_wconf 78' lang='lat' dir='ltr'>Virgilio³</span> <span class='ocrx_word' id='word_1_457' title='bbox 1610 2291 1741 2333; x_wconf 85' lang='lat' dir='ltr'>dignum</span> 
     </span>
     <span class='ocr_line' id='line_1_39' title="bbox 228 2351 573 2389; baseline -0.006 -6"><span class='ocrx_word' id='word_1_458' title='bbox 228 2355 285 2389; x_wconf 82' lang='lat' dir='ltr'>est,</span> <span class='ocrx_word' id='word_1_459' title='bbox 307 2353 463 2383; x_wconf 86' lang='lat' dir='ltr'>restituat.</span> <span class='ocrx_word' id='word_1_460' title='bbox 487 2351 573 2382; x_wconf 85' lang='lat' dir='ltr'>Vale.</span> 
     </span>
    </p>
   </div>
   <div class='ocr_carea' id='block_1_3' title="bbox 238 2541 1758 2671">
    <p class='ocr_par' dir='ltr' id='par_1_3' title="bbox 238 2541 1758 2671">
     <span class='ocr_line' id='line_1_40' title="bbox 238 2541 1758 2578; baseline -0.004 -3"><span class='ocrx_word' id='word_1_461' title='bbox 238 2550 244 2565; x_wconf 85' lang='lat'>¹</span> <span class='ocrx_word' id='word_1_462' title='bbox 268 2548 298 2575; x_wconf 72' lang='lat' dir='ltr'>B.</span> <span class='ocrx_word' id='word_1_463' title='bbox 320 2548 419 2574; x_wconf 76' lang='lat' dir='ltr'>omette</span> <span class='ocrx_word' id='word_1_464' title='bbox 444 2554 477 2574; x_wconf 79' lang='lat' dir='ltr'>ac</span> <span class='ocrx_word' id='word_1_465' title='bbox 502 2553 561 2573; x_wconf 73' lang='lat' dir='ltr'>ozon</span> <span class='ocrx_word' id='word_1_466' title='bbox 584 2544 646 2578; x_wconf 79' lang='lat' dir='ltr'>jam</span> <span class='ocrx_word' id='word_1_467' title='bbox 664 2542 881 2578; x_wconf 71' lang='lat' dir='ltr'>Illanz‘mmmn3</span> <span class='ocrx_word' id='word_1_468' title='bbox 911 2544 967 2571; x_wconf 64' lang='lat' dir='ltr'>cosi</span> <span class='ocrx_word' id='word_1_469' title='bbox 1040 2550 1151 2570; x_wconf 82' lang='lat' dir='ltr'>scm-um</span> <span class='ocrx_word' id='word_1_470' title='bbox 1180 2543 1301 2573; x_wconf 59' lang='lat' dir='ltr'>vni-bum,</span> <span class='ocrx_word' id='word_1_471' title='bbox 1329 2542 1375 2569; x_wconf 72' lang='lat' dir='ltr'>scd</span> <span class='ocrx_word' id='word_1_472' title='bbox 1405 2542 1481 2577; x_wconf 84' lang='lat' dir='ltr'>puto,</span> <span class='ocrx_word' id='word_1_473' title='bbox 1508 2542 1683 2570; x_wconf 75' lang='lat' dir='ltr'>scribendum</span> <span class='ocrx_word' id='word_1_474' title='bbox 1708 2541 1758 2570; x_wconf 70' lang='lat' dir='ltr'>sit-</span> 
     </span>
     <span class='ocr_line' id='line_1_41' title="bbox 263 2586 1381 2621; baseline -0.007 -2"><span class='ocrx_word' id='word_1_475' title='bbox 263 2592 299 2620; x_wconf 79' lang='lat' dir='ltr'>M.</span> <span class='ocrx_word' id='word_1_476' title='bbox 319 2591 343 2619; x_wconf 84' lang='lat' dir='ltr'>S.</span> <span class='ocrx_word' id='word_1_477' title='bbox 364 2591 437 2618; x_wconf 45' lang='lat' dir='ltr'>Mur,</span> <span class='ocrx_word' id='word_1_478' title='bbox 1039 2586 1273 2621; x_wconf 58' lang='lat' dir='ltr'>magnificentior„-</span> <span class='ocrx_word' id='word_1_479' title='bbox 1293 2586 1354 2613; x_wconf 63' lang='lat' dir='ltr'>loco</span> <span class='ocrx_word' id='word_1_480' title='bbox 1371 2599 1381 2608; x_wconf 77' lang='lat'>‚.</span> 
     </span>
     <span class='ocr_line' id='line_1_42' title="bbox 239 2630 1439 2671; baseline -0.005 -7"><span class='ocrx_word' id='word_1_481' title='bbox 239 2638 249 2654; x_wconf 77' lang='lat'><strong>²</strong></span> <span class='ocrx_word' id='word_1_482' title='bbox 270 2636 316 2664; x_wconf 82' lang='lat' dir='ltr'>Gr.</span> <span class='ocrx_word' id='word_1_483' title='bbox 335 2634 581 2671; x_wconf 70' lang='lat' dir='ltr'>maynisc&#39;centiore</span> <span class='ocrx_word' id='word_1_484' title='bbox 599 2632 740 2668; x_wconf 68' lang='lat' dir='ltr'>imposito.</span> <span class='ocrx_word' id='word_1_485' title='bbox 763 2632 784 2659; x_wconf 88' lang='grc' dir='ltr'>Ε</span> <span class='ocrx_word' id='word_1_486' title='bbox 804 2633 869 2659; x_wconf 79' lang='lat' dir='ltr'>nota</span> <span class='ocrx_word' id='word_1_487' title='bbox 885 2643 896 2655; x_wconf 89' lang='lat'>«</span> <span class='ocrx_word' id='word_1_488' title='bbox 912 2630 965 2658; x_wconf 83' lang='lat' dir='ltr'>Ob-</span> <span class='ocrx_word' id='word_1_489' title='bbox 1013 2632 1024 2649; x_wconf 78' lang='grc'>3</span> <span class='ocrx_word' id='word_1_490' title='bbox 1045 2631 1090 2658; x_wconf 85' lang='lat' dir='ltr'>Gr.</span> <span class='ocrx_word' id='word_1_491' title='bbox 1111 2633 1142 2657; x_wconf 75' lang='lat' dir='ltr'>ut</span> <span class='ocrx_word' id='word_1_492' title='bbox 1160 2639 1188 2658; x_wconf 75' lang='grc'>50</span> <span class='ocrx_word' id='word_1_493' title='bbox 1207 2632 1292 2665; x_wconf 61' lang='lat' dir='ltr'>(etque</span> <span class='ocrx_word' id='word_1_494' title='bbox 1318 2630 1439 2666; x_wconf 64' lang='lat' dir='ltr'>Virssz&#39;lc’o</span> 
     </span>
    </p>
   </div>
  </div>
 </body>
</html>
