<?xml version="1.0" encoding="UTF-8"?>
<!DOCTYPE html PUBLIC "-//W3C//DTD XHTML 1.0 Transitional//EN"
    "http://www.w3.org/TR/xhtml1/DTD/xhtml1-transitional.dtd">
<html xmlns="http://www.w3.org/1999/xhtml" xml:lang="en" lang="en">
 <head>
  <title>
</title>
<meta http-equiv="Content-Type" content="text/html;charset=utf-8" />
  <meta name='ocr-system' content='tesseract 3.04.00' />
  <meta name='ocr-capabilities' content='ocr_page ocr_carea ocr_par ocr_line ocrx_word'/>
</head>
<body>
  <div class='ocr_page' id='page_1' title='image "./epistole00verguoft_0115.png"; bbox 0 0 1845 3076; ppageno 0'>
   <div class='ocr_carea' id='block_1_1' title="bbox 727 168 1547 197">
    <p class='ocr_par' dir='ltr' id='par_1_1' title="bbox 727 168 1547 197">
     <span class='ocr_line' id='line_1_1' title="bbox 727 168 1547 197; baseline 0.001 -1"><span class='ocrx_word' id='word_1_1' title='bbox 727 173 864 196; x_wconf 70' lang='lat' dir='ltr'><strong>rrisronn</strong></span> <span class='ocrx_word' id='word_1_2' title='bbox 1509 168 1547 197; x_wconf 85' lang='lat'><strong>47</strong></span> 
     </span>
    </p>
   </div>
   <div class='ocr_carea' id='block_1_2' title="bbox 30 256 1555 2013">
    <p class='ocr_par' dir='ltr' id='par_1_2' title="bbox 34 256 1552 1325">
     <span class='ocr_line' id='line_1_2' title="bbox 34 256 1548 299; baseline 0.001 -10"><span class='ocrx_word' id='word_1_3' title='bbox 34 258 197 290; x_wconf 81' lang='lat' dir='ltr'><strong>abstinere</strong></span> <span class='ocrx_word' id='word_1_4' title='bbox 219 267 238 289; x_wconf 88' lang='lat' dir='ltr'><strong>a</strong></span> <span class='ocrx_word' id='word_1_5' title='bbox 260 257 371 289; x_wconf 86' lang='lat' dir='ltr'><strong>studiis</strong></span> <span class='ocrx_word' id='word_1_6' title='bbox 392 257 474 294; x_wconf 86' lang='lat' dir='ltr'><strong>licet,</strong></span> <span class='ocrx_word' id='word_1_7' title='bbox 496 258 528 288; x_wconf 91' lang='lat' dir='ltr'><strong>in</strong></span> <span class='ocrx_word' id='word_1_8' title='bbox 549 266 620 288; x_wconf 91' lang='lat' dir='ltr'><strong>oras</strong></span> <span class='ocrx_word' id='word_1_9' title='bbox 641 256 712 288; x_wconf 87' lang='lat' dir='ltr'><strong>illas</strong></span> <span class='ocrx_word' id='word_1_10' title='bbox 731 257 847 294; x_wconf 83' lang='lat' dir='ltr'><strong>venire,</strong></span> <span class='ocrx_word' id='word_1_11' title='bbox 869 260 904 288; x_wconf 87' lang='lat' dir='ltr'><strong>ut</strong></span> <span class='ocrx_word' id='word_1_12' title='bbox 928 259 960 289; x_wconf 90' lang='lat' dir='ltr'><strong>te</strong></span> <span class='ocrx_word' id='word_1_13' title='bbox 983 261 1052 297; x_wconf 89' lang='lat' dir='ltr'><strong>post</strong></span> <span class='ocrx_word' id='word_1_14' title='bbox 1073 260 1220 298; x_wconf 84' lang='lat' dir='ltr'><strong>parentes</strong></span> <span class='ocrx_word' id='word_1_15' title='bbox 1241 259 1377 299; x_wconf 85' lang='lat' dir='ltr'><strong>primum</strong></span> <span class='ocrx_word' id='word_1_16' title='bbox 1400 258 1548 296; x_wconf 86' lang='lat' dir='ltr'><strong>viderem,</strong></span> 
     </span>
     <span class='ocr_line' id='line_1_3' title="bbox 36 313 1550 355; baseline 0 -9"><span class='ocrx_word' id='word_1_17' title='bbox 36 314 166 355; x_wconf 82' lang='lat' dir='ltr'><strong>diesque</strong></span> <span class='ocrx_word' id='word_1_18' title='bbox 185 314 254 346; x_wconf 88' lang='lat' dir='ltr'><strong>illos</strong></span> <span class='ocrx_word' id='word_1_19' title='bbox 269 323 383 354; x_wconf 89' lang='lat' dir='ltr'><strong>paucos</strong></span> <span class='ocrx_word' id='word_1_20' title='bbox 404 323 468 345; x_wconf 90' lang='lat' dir='ltr'><strong>una</strong></span> <span class='ocrx_word' id='word_1_21' title='bbox 486 313 641 354; x_wconf 87' lang='lat' dir='ltr'><strong>jucundos</strong></span> <span class='ocrx_word' id='word_1_22' title='bbox 662 316 766 345; x_wconf 87' lang='lat' dir='ltr'><strong>tecum</strong></span> <span class='ocrx_word' id='word_1_23' title='bbox 787 323 913 354; x_wconf 85' lang='lat' dir='ltr'><strong>agerem</strong></span> <span class='ocrx_word' id='word_1_24' title='bbox 925 315 942 345; x_wconf 94' lang='lat'><strong>¹.</strong></span> <span class='ocrx_word' id='word_1_25' title='bbox 966 314 1083 346; x_wconf 92' lang='lat' dir='ltr'><strong>Verum</strong></span> <span class='ocrx_word' id='word_1_26' title='bbox 1099 315 1174 355; x_wconf 92' lang='lat' dir='ltr'><strong>quia</strong></span> <span class='ocrx_word' id='word_1_27' title='bbox 1189 315 1332 347; x_wconf 87' lang='lat' dir='ltr'><strong>futurum</strong></span> <span class='ocrx_word' id='word_1_28' title='bbox 1353 325 1432 355; x_wconf 89' lang='lat' dir='ltr'><strong>reor,</strong></span> <span class='ocrx_word' id='word_1_29' title='bbox 1446 315 1550 355; x_wconf 88' lang='lat' dir='ltr'><strong>siqua</strong></span> 
     </span>
     <span class='ocr_line' id='line_1_4' title="bbox 35 370 1550 412; baseline -0.001 -8"><span class='ocrx_word' id='word_1_30' title='bbox 35 382 76 404; x_wconf 89' lang='lat' dir='ltr'><strong>ex</strong></span> <span class='ocrx_word' id='word_1_31' title='bbox 97 372 258 412; x_wconf 86' lang='lat' dir='ltr'><strong>superiore</strong></span> <span class='ocrx_word' id='word_1_32' title='bbox 279 381 362 402; x_wconf 90' lang='lat' dir='ltr'><strong>anno</strong></span> <span class='ocrx_word' id='word_1_33' title='bbox 382 370 490 401; x_wconf 90' lang='lat' dir='ltr'><strong>induci</strong></span> <span class='ocrx_word' id='word_1_34' title='bbox 511 371 691 411; x_wconf 80' lang='lat' dir='ltr'><strong>conjectura</strong></span> <span class='ocrx_word' id='word_1_35' title='bbox 714 373 825 410; x_wconf 88' lang='lat' dir='ltr'><strong>potest,</strong></span> <span class='ocrx_word' id='word_1_36' title='bbox 847 374 882 402; x_wconf 90' lang='lat' dir='ltr'><strong>ut</strong></span> <span class='ocrx_word' id='word_1_37' title='bbox 904 381 1007 412; x_wconf 89' lang='lat' dir='ltr'><strong>neque</strong></span> <span class='ocrx_word' id='word_1_38' title='bbox 1029 371 1088 409; x_wconf 82' lang='lat' dir='ltr'><strong>hic,</strong></span> <span class='ocrx_word' id='word_1_39' title='bbox 1112 382 1214 412; x_wconf 89' lang='lat' dir='ltr'><strong>neque</strong></span> <span class='ocrx_word' id='word_1_40' title='bbox 1235 373 1321 412; x_wconf 86' lang='lat' dir='ltr'><strong>apud</strong></span> <span class='ocrx_word' id='word_1_41' title='bbox 1335 382 1387 404; x_wconf 87' lang='lat' dir='ltr'><strong>vos</strong></span> <span class='ocrx_word' id='word_1_42' title='bbox 1400 382 1456 404; x_wconf 87' lang='lat' dir='ltr'><strong>aer</strong></span> <span class='ocrx_word' id='word_1_43' title='bbox 1470 372 1550 404; x_wconf 90' lang='lat' dir='ltr'><strong>salu-</strong></span> 
     </span>
     <span class='ocr_line' id='line_1_5' title="bbox 36 427 1551 470; baseline 0.001 -11"><span class='ocrx_word' id='word_1_44' title='bbox 36 428 116 459; x_wconf 89' lang='lat' dir='ltr'><strong>taris</strong></span> <span class='ocrx_word' id='word_1_45' title='bbox 136 428 186 466; x_wconf 86' lang='lat' dir='ltr'><strong>sit,</strong></span> <span class='ocrx_word' id='word_1_46' title='bbox 201 438 306 459; x_wconf 91' lang='lat' dir='ltr'><strong>meum</strong></span> <span class='ocrx_word' id='word_1_47' title='bbox 318 427 482 458; x_wconf 88' lang='lat' dir='ltr'><strong>consilium</strong></span> <span class='ocrx_word' id='word_1_48' title='bbox 497 430 552 465; x_wconf 86' lang='lat' dir='ltr'><strong>est,</strong></span> <span class='ocrx_word' id='word_1_49' title='bbox 566 437 668 467; x_wconf 89' lang='lat' dir='ltr'><strong>neque</strong></span> <span class='ocrx_word' id='word_1_50' title='bbox 682 427 758 458; x_wconf 89' lang='lat' dir='ltr'><strong>illuc</strong></span> <span class='ocrx_word' id='word_1_51' title='bbox 772 427 818 459; x_wconf 92' lang='lat' dir='ltr'><strong>ire</strong></span> <span class='ocrx_word' id='word_1_52' title='bbox 829 428 849 465; x_wconf 73' lang='lat'><strong>²,</strong></span> <span class='ocrx_word' id='word_1_53' title='bbox 871 437 973 468; x_wconf 89' lang='lat' dir='ltr'><strong>neque</strong></span> <span class='ocrx_word' id='word_1_54' title='bbox 996 428 1046 459; x_wconf 88' lang='lat' dir='ltr'><strong>hic</strong></span> <span class='ocrx_word' id='word_1_55' title='bbox 1061 428 1242 466; x_wconf 82' lang='lat' dir='ltr'><strong>subsistere,</strong></span> <span class='ocrx_word' id='word_1_56' title='bbox 1258 429 1312 460; x_wconf 89' lang='lat' dir='ltr'><strong>sed</strong></span> <span class='ocrx_word' id='word_1_57' title='bbox 1329 429 1390 460; x_wconf 87' lang='lat' dir='ltr'><strong>alio</strong></span> <span class='ocrx_word' id='word_1_58' title='bbox 1403 439 1551 470; x_wconf 89' lang='lat' dir='ltr'><strong>quocum-</strong></span> 
     </span>
     <span class='ocr_line' id='line_1_6' title="bbox 38 483 1550 526; baseline 0 -10"><span class='ocrx_word' id='word_1_59' title='bbox 38 495 101 525; x_wconf 89' lang='lat' dir='ltr'><strong>que</strong></span> <span class='ocrx_word' id='word_1_60' title='bbox 121 494 186 517; x_wconf 84' lang='lat' dir='ltr'><strong>sors</strong></span> <span class='ocrx_word' id='word_1_61' title='bbox 200 485 211 502; x_wconf 84' lang='lat'><strong>³</strong></span> <span class='ocrx_word' id='word_1_62' title='bbox 232 484 344 516; x_wconf 89' lang='lat' dir='ltr'><strong>tulerit</strong></span> <span class='ocrx_word' id='word_1_63' title='bbox 359 484 513 516; x_wconf 87' lang='lat' dir='ltr'><strong>secedere.</strong></span> <span class='ocrx_word' id='word_1_64' title='bbox 528 483 617 515; x_wconf 89' lang='lat' dir='ltr'><strong>Nihil</strong></span> <span class='ocrx_word' id='word_1_65' title='bbox 631 484 714 515; x_wconf 90' lang='lat' dir='ltr'><strong>enim</strong></span> <span class='ocrx_word' id='word_1_66' title='bbox 741 485 818 515; x_wconf 89' lang='lat' dir='ltr'><strong>certi</strong></span> <span class='ocrx_word' id='word_1_67' title='bbox 839 484 950 522; x_wconf 87' lang='lat' dir='ltr'><strong>habeo,</strong></span> <span class='ocrx_word' id='word_1_68' title='bbox 976 495 1078 525; x_wconf 90' lang='lat' dir='ltr'><strong>neque</strong></span> <span class='ocrx_word' id='word_1_69' title='bbox 1094 485 1244 525; x_wconf 84' lang='lat' dir='ltr'><strong>propositi</strong></span> <span class='ocrx_word' id='word_1_70' title='bbox 1268 496 1370 526; x_wconf 87' lang='lat' dir='ltr'><strong>neque</strong></span> <span class='ocrx_word' id='word_1_71' title='bbox 1396 486 1550 518; x_wconf 83' lang='lat' dir='ltr'><strong>fortunae.</strong></span> 
     </span>
     <span class='ocr_line' id='line_1_7' title="bbox 38 541 1550 582; baseline 0 -8"><span class='ocrx_word' id='word_1_72' title='bbox 38 541 149 574; x_wconf 89' lang='lat' dir='ltr'><strong>Ventis</strong></span> <span class='ocrx_word' id='word_1_73' title='bbox 162 541 269 582; x_wconf 86' lang='lat' dir='ltr'><strong>igitur,</strong></span> <span class='ocrx_word' id='word_1_74' title='bbox 285 543 321 572; x_wconf 91' lang='lat' dir='ltr'><strong>ut</strong></span> <span class='ocrx_word' id='word_1_75' title='bbox 334 541 435 582; x_wconf 87' lang='lat' dir='ltr'><strong>ajunt,</strong></span> <span class='ocrx_word' id='word_1_76' title='bbox 447 541 517 572; x_wconf 86' lang='lat' dir='ltr'><strong>vela</strong></span> <span class='ocrx_word' id='word_1_77' title='bbox 528 541 700 581; x_wconf 81' lang='lat' dir='ltr'><strong>explicabo,</strong></span> <span class='ocrx_word' id='word_1_78' title='bbox 711 544 752 580; x_wconf 89' lang='lat' dir='ltr'><strong>et,</strong></span> <span class='ocrx_word' id='word_1_79' title='bbox 764 551 889 581; x_wconf 91' lang='lat' dir='ltr'><strong>quoquo</strong></span> <span class='ocrx_word' id='word_1_80' title='bbox 899 541 1027 573; x_wconf 89' lang='lat' dir='ltr'><strong>duxerit</strong></span> <span class='ocrx_word' id='word_1_81' title='bbox 1039 542 1185 582; x_wconf 86' lang='lat' dir='ltr'><strong>impetus,</strong></span> <span class='ocrx_word' id='word_1_82' title='bbox 1198 552 1313 582; x_wconf 88' lang='lat' dir='ltr'><strong>sequar</strong></span> <span class='ocrx_word' id='word_1_83' title='bbox 1323 543 1343 579; x_wconf 81' lang='lat'><strong>⁴,</strong></span> <span class='ocrx_word' id='word_1_84' title='bbox 1358 542 1433 574; x_wconf 91' lang='lat' dir='ltr'><strong>dum</strong></span> <span class='ocrx_word' id='word_1_85' title='bbox 1443 546 1550 574; x_wconf 87' lang='lat' dir='ltr'><strong>tamen</strong></span> 
     </span>
     <span class='ocr_line' id='line_1_8' title="bbox 35 598 1550 639; baseline 0.001 -9"><span class='ocrx_word' id='word_1_86' title='bbox 35 599 148 631; x_wconf 85' lang='lat' dir='ltr'><strong>studiis</strong></span> <span class='ocrx_word' id='word_1_87' title='bbox 162 598 289 630; x_wconf 89' lang='lat' dir='ltr'><strong>inferar.</strong></span> <span class='ocrx_word' id='word_1_88' title='bbox 304 598 407 639; x_wconf 83' lang='lat' dir='ltr'><strong>Hujus</strong></span> <span class='ocrx_word' id='word_1_89' title='bbox 423 600 529 630; x_wconf 89' lang='lat' dir='ltr'><strong>autem</strong></span> <span class='ocrx_word' id='word_1_90' title='bbox 544 598 662 629; x_wconf 81' lang='lat' dir='ltr'><strong>consilii</strong></span> <span class='ocrx_word' id='word_1_91' title='bbox 678 608 740 629; x_wconf 91' lang='lat' dir='ltr'><strong>non</strong></span> <span class='ocrx_word' id='word_1_92' title='bbox 754 598 810 630; x_wconf 87' lang='lat' dir='ltr'><strong>diu</strong></span> <span class='ocrx_word' id='word_1_93' title='bbox 824 598 1008 630; x_wconf 86' lang='lat' dir='ltr'><strong>abfuturam</strong></span> <span class='ocrx_word' id='word_1_94' title='bbox 1022 600 1243 630; x_wconf 84' lang='lat' dir='ltr'><strong>necessitatem</strong></span> <span class='ocrx_word' id='word_1_95' title='bbox 1257 609 1334 630; x_wconf 89' lang='lat' dir='ltr'><strong>reor.</strong></span> <span class='ocrx_word' id='word_1_96' title='bbox 1351 600 1418 631; x_wconf 89' lang='lat' dir='ltr'><strong>Hoc</strong></span> <span class='ocrx_word' id='word_1_97' title='bbox 1433 600 1550 631; x_wconf 87' lang='lat' dir='ltr'><strong>etenim</strong></span> 
     </span>
     <span class='ocr_line' id='line_1_9' title="bbox 37 655 1547 697; baseline 0 -9"><span class='ocrx_word' id='word_1_98' title='bbox 37 666 118 694; x_wconf 88' lang='lat' dir='ltr'><strong>vere,</strong></span> <span class='ocrx_word' id='word_1_99' title='bbox 132 666 203 687; x_wconf 90' lang='lat' dir='ltr'><strong>cum</strong></span> <span class='ocrx_word' id='word_1_100' title='bbox 217 655 303 687; x_wconf 89' lang='lat' dir='ltr'><strong>calor</strong></span> <span class='ocrx_word' id='word_1_101' title='bbox 326 655 517 687; x_wconf 82' lang='lat' dir='ltr'><strong>invalescere</strong></span> <span class='ocrx_word' id='word_1_102' title='bbox 532 655 680 696; x_wconf 86' lang='lat' dir='ltr'><strong>caeperit,</strong></span> <span class='ocrx_word' id='word_1_103' title='bbox 704 655 884 686; x_wconf 87' lang='lat' dir='ltr'><strong>invasuram</strong></span> <span class='ocrx_word' id='word_1_104' title='bbox 900 656 1042 687; x_wconf 87' lang='lat' dir='ltr'><strong>existimo</strong></span> <span class='ocrx_word' id='word_1_105' title='bbox 1056 658 1175 696; x_wconf 82' lang='lat' dir='ltr'><strong>pestem</strong></span> <span class='ocrx_word' id='word_1_106' title='bbox 1196 657 1253 687; x_wconf 89' lang='lat' dir='ltr'><strong>has</strong></span> <span class='ocrx_word' id='word_1_107' title='bbox 1268 657 1418 697; x_wconf 82' lang='lat' dir='ltr'><strong>regiones,</strong></span> <span class='ocrx_word' id='word_1_108' title='bbox 1436 659 1468 688; x_wconf 90' lang='lat' dir='ltr'><strong>et</strong></span> <span class='ocrx_word' id='word_1_109' title='bbox 1480 667 1547 697; x_wconf 83' lang='lat' dir='ltr'><strong>pas-</strong></span> 
     </span>
     <span class='ocr_line' id='line_1_10' title="bbox 36 712 1551 753; baseline 0 -9"><span class='ocrx_word' id='word_1_110' title='bbox 36 714 105 751; x_wconf 82' lang='lat' dir='ltr'><strong>sim,</strong></span> <span class='ocrx_word' id='word_1_111' title='bbox 130 716 167 745; x_wconf 91' lang='lat' dir='ltr'><strong>ut</strong></span> <span class='ocrx_word' id='word_1_112' title='bbox 192 713 272 745; x_wconf 89' lang='lat' dir='ltr'><strong>solet</strong></span> <span class='ocrx_word' id='word_1_113' title='bbox 296 713 436 744; x_wconf 85' lang='lat' dir='ltr'><strong>homines</strong></span> <span class='ocrx_word' id='word_1_114' title='bbox 451 713 462 729; x_wconf 86' lang='lat'>⁵</span> <span class='ocrx_word' id='word_1_115' title='bbox 486 713 553 743; x_wconf 86' lang='lat' dir='ltr'><strong>sine</strong></span> <span class='ocrx_word' id='word_1_116' title='bbox 577 712 702 744; x_wconf 88' lang='lat' dir='ltr'><strong>delectu</strong></span> <span class='ocrx_word' id='word_1_117' title='bbox 726 712 981 744; x_wconf 87' lang='lat' dir='ltr'><strong>conculcaturam</strong></span> <span class='ocrx_word' id='word_1_118' title='bbox 995 714 1016 744; x_wconf 77' lang='lat'><strong>⁶.</strong></span> <span class='ocrx_word' id='word_1_119' title='bbox 1041 713 1104 753; x_wconf 86' lang='lat' dir='ltr'><strong>Ego</strong></span> <span class='ocrx_word' id='word_1_120' title='bbox 1133 714 1192 744; x_wconf 90' lang='lat' dir='ltr'><strong>nisi</strong></span> <span class='ocrx_word' id='word_1_121' title='bbox 1219 714 1304 744; x_wconf 90' lang='lat' dir='ltr'><strong>inter</strong></span> <span class='ocrx_word' id='word_1_122' title='bbox 1331 714 1446 753; x_wconf 85' lang='lat' dir='ltr'><strong>primos</strong></span> <span class='ocrx_word' id='word_1_123' title='bbox 1476 714 1551 745; x_wconf 83' lang='lat' dir='ltr'><strong>ceci-</strong></span> 
     </span>
     <span class='ocr_line' id='line_1_11' title="bbox 36 769 1550 810; baseline 0 -8"><span class='ocrx_word' id='word_1_124' title='bbox 36 770 122 808; x_wconf 87' lang='lat' dir='ltr'><strong>dero,</strong></span> <span class='ocrx_word' id='word_1_125' title='bbox 144 770 198 802; x_wconf 90' lang='lat' dir='ltr'><strong>ubi</strong></span> <span class='ocrx_word' id='word_1_126' title='bbox 229 773 316 801; x_wconf 88' lang='lat' dir='ltr'><strong>certa</strong></span> <span class='ocrx_word' id='word_1_127' title='bbox 336 770 527 810; x_wconf 82' lang='lat' dir='ltr'><strong>contagionis</strong></span> <span class='ocrx_word' id='word_1_128' title='bbox 557 770 644 810; x_wconf 88' lang='lat' dir='ltr'><strong>signa</strong></span> <span class='ocrx_word' id='word_1_129' title='bbox 664 769 846 810; x_wconf 81' lang='lat' dir='ltr'><strong>prodierint,</strong></span> <span class='ocrx_word' id='word_1_130' title='bbox 877 770 1018 810; x_wconf 89' lang='lat' dir='ltr'><strong>protinus</strong></span> <span class='ocrx_word' id='word_1_131' title='bbox 1040 770 1140 802; x_wconf 85' lang='lat' dir='ltr'><strong>abibo.</strong></span> <span class='ocrx_word' id='word_1_132' title='bbox 1173 771 1296 802; x_wconf 80' lang='lat' dir='ltr'><strong>[nterea</strong></span> <span class='ocrx_word' id='word_1_133' title='bbox 1317 774 1423 802; x_wconf 89' lang='lat' dir='ltr'><strong>tamen</strong></span> <span class='ocrx_word' id='word_1_134' title='bbox 1444 774 1476 802; x_wconf 88' lang='lat' dir='ltr'><strong>et</strong></span> <span class='ocrx_word' id='word_1_135' title='bbox 1498 771 1550 802; x_wconf 85' lang='lat' dir='ltr'><strong>hic</strong></span> 
     </span>
     <span class='ocr_line' id='line_1_12' title="bbox 37 826 1552 868; baseline -0.001 -9"><span class='ocrx_word' id='word_1_136' title='bbox 37 837 141 868; x_wconf 84' lang='lat' dir='ltr'><strong>saepe,</strong></span> <span class='ocrx_word' id='word_1_137' title='bbox 161 827 236 858; x_wconf 91' lang='lat' dir='ltr'><strong>dum</strong></span> <span class='ocrx_word' id='word_1_138' title='bbox 257 827 361 866; x_wconf 84' lang='lat' dir='ltr'><strong>adero,</strong></span> <span class='ocrx_word' id='word_1_139' title='bbox 393 829 425 858; x_wconf 87' lang='lat' dir='ltr'><strong>et</strong></span> <span class='ocrx_word' id='word_1_140' title='bbox 455 826 541 864; x_wconf 82' lang='lat' dir='ltr'><strong>alibi,</strong></span> <span class='ocrx_word' id='word_1_141' title='bbox 562 837 658 867; x_wconf 88' lang='lat' dir='ltr'><strong>quam</strong></span> <span class='ocrx_word' id='word_1_142' title='bbox 679 827 816 867; x_wconf 88' lang='lat' dir='ltr'><strong>primum</strong></span> <span class='ocrx_word' id='word_1_143' title='bbox 837 830 955 858; x_wconf 85' lang='lat' dir='ltr'><strong>certam</strong></span> <span class='ocrx_word' id='word_1_144' title='bbox 977 827 1081 858; x_wconf 88' lang='lat' dir='ltr'><strong>sedem</strong></span> <span class='ocrx_word' id='word_1_145' title='bbox 1101 828 1230 858; x_wconf 85' lang='lat' dir='ltr'><strong>sortitus</strong></span> <span class='ocrx_word' id='word_1_146' title='bbox 1262 828 1360 864; x_wconf 84' lang='lat' dir='ltr'><strong>fuero,</strong></span> <span class='ocrx_word' id='word_1_147' title='bbox 1382 827 1498 858; x_wconf 84' lang='lat' dir='ltr'><strong>inultas</strong></span> <span class='ocrx_word' id='word_1_148' title='bbox 1519 831 1552 858; x_wconf 91' lang='lat' dir='ltr'><strong>et</strong></span> 
     </span>
     <span class='ocr_line' id='line_1_13' title="bbox 41 883 1549 925; baseline -0.001 -9"><span class='ocrx_word' id='word_1_149' title='bbox 41 884 117 916; x_wconf 87' lang='lat' dir='ltr'><strong>item</strong></span> <span class='ocrx_word' id='word_1_150' title='bbox 138 884 248 925; x_wconf 88' lang='lat' dir='ltr'><strong>plenas</strong></span> <span class='ocrx_word' id='word_1_151' title='bbox 268 884 378 916; x_wconf 85' lang='lat' dir='ltr'><strong>literas</strong></span> <span class='ocrx_word' id='word_1_152' title='bbox 399 883 490 916; x_wconf 85' lang='lat' dir='ltr'><strong>dabo.</strong></span> <span class='ocrx_word' id='word_1_153' title='bbox 526 883 573 914; x_wconf 92' lang='lat' dir='ltr'><strong>Tu</strong></span> <span class='ocrx_word' id='word_1_154' title='bbox 595 894 672 915; x_wconf 88' lang='lat' dir='ltr'><strong>cura</strong></span> <span class='ocrx_word' id='word_1_155' title='bbox 694 886 730 914; x_wconf 90' lang='lat' dir='ltr'><strong>ut</strong></span> <span class='ocrx_word' id='word_1_156' title='bbox 751 884 856 915; x_wconf 85' lang='lat' dir='ltr'><strong>valeas</strong></span> <span class='ocrx_word' id='word_1_157' title='bbox 879 885 1024 924; x_wconf 86' lang='lat' dir='ltr'><strong>primum,</strong></span> <span class='ocrx_word' id='word_1_158' title='bbox 1046 895 1091 922; x_wconf 85' lang='lat' dir='ltr'><strong>ac,</strong></span> <span class='ocrx_word' id='word_1_159' title='bbox 1112 885 1138 915; x_wconf 88' lang='lat' dir='ltr'><strong>si</strong></span> <span class='ocrx_word' id='word_1_160' title='bbox 1167 884 1243 924; x_wconf 82' lang='lat' dir='ltr'><strong>quid</strong></span> <span class='ocrx_word' id='word_1_161' title='bbox 1264 884 1328 915; x_wconf 86' lang='lat' dir='ltr'><strong>tale</strong></span> <span class='ocrx_word' id='word_1_162' title='bbox 1355 885 1549 924; x_wconf 85' lang='lat' dir='ltr'><strong>apparuerit,</strong></span> 
     </span>
     <span class='ocr_line' id='line_1_14' title="bbox 39 940 1552 982; baseline 0 -10"><span class='ocrx_word' id='word_1_163' title='bbox 39 941 107 972; x_wconf 89' lang='lat' dir='ltr'><strong>sine</strong></span> <span class='ocrx_word' id='word_1_164' title='bbox 128 941 326 972; x_wconf 81' lang='lat' dir='ltr'><strong>cunctatione</strong></span> <span class='ocrx_word' id='word_1_165' title='bbox 341 941 351 957; x_wconf 91' lang='lat'><em>⁷</em></span> <span class='ocrx_word' id='word_1_166' title='bbox 382 941 522 972; x_wconf 86' lang='lat' dir='ltr'><strong>discedas</strong></span> <span class='ocrx_word' id='word_1_167' title='bbox 544 940 681 981; x_wconf 88' lang='lat' dir='ltr'><strong>(nullum</strong></span> <span class='ocrx_word' id='word_1_168' title='bbox 702 941 785 972; x_wconf 90' lang='lat' dir='ltr'><strong>enim</strong></span> <span class='ocrx_word' id='word_1_169' title='bbox 808 941 905 979; x_wconf 85' lang='lat' dir='ltr'><strong>aliud,</strong></span> <span class='ocrx_word' id='word_1_170' title='bbox 938 944 973 972; x_wconf 94' lang='lat' dir='ltr'><strong>ut</strong></span> <span class='ocrx_word' id='word_1_171' title='bbox 994 944 1062 972; x_wconf 89' lang='lat' dir='ltr'><strong>tute</strong></span> <span class='ocrx_word' id='word_1_172' title='bbox 1085 941 1150 982; x_wconf 91' lang='lat' dir='ltr'><strong>ipse</strong></span> <span class='ocrx_word' id='word_1_173' title='bbox 1176 941 1187 958; x_wconf 81' lang='lat'>⁸</span> <span class='ocrx_word' id='word_1_174' title='bbox 1208 941 1299 978; x_wconf 82' lang='lat' dir='ltr'><strong>nosti,</strong></span> <span class='ocrx_word' id='word_1_175' title='bbox 1330 941 1412 974; x_wconf 80' lang='lat' dir='ltr'><strong>huic.</strong></span> <span class='ocrx_word' id='word_1_176' title='bbox 1434 942 1516 972; x_wconf 82' lang='lat' dir='ltr'><strong>malo</strong></span> <span class='ocrx_word' id='word_1_177' title='bbox 1540 942 1552 957; x_wconf 80' lang='lat'><strong>⁹</strong></span> 
     </span>
     <span class='ocr_line' id='line_1_15' title="bbox 36 998 1549 1039; baseline -0.001 -9"><span class='ocrx_word' id='word_1_178' title='bbox 36 999 210 1031; x_wconf 89' lang='lat' dir='ltr'><strong>remedium</strong></span> <span class='ocrx_word' id='word_1_179' title='bbox 231 1000 302 1039; x_wconf 85' lang='lat' dir='ltr'><strong>est),</strong></span> <span class='ocrx_word' id='word_1_180' title='bbox 324 999 436 1030; x_wconf 85' lang='lat' dir='ltr'><strong>deinde</strong></span> <span class='ocrx_word' id='word_1_181' title='bbox 458 999 505 1029; x_wconf 92' lang='lat' dir='ltr'><strong>uti</strong></span> <span class='ocrx_word' id='word_1_182' title='bbox 525 1008 619 1038; x_wconf 87' lang='lat' dir='ltr'><strong>saepe</strong></span> <span class='ocrx_word' id='word_1_183' title='bbox 640 998 681 1029; x_wconf 87' lang='lat' dir='ltr'><strong>ad</strong></span> <span class='ocrx_word' id='word_1_184' title='bbox 702 1008 752 1029; x_wconf 93' lang='lat' dir='ltr'><strong>me</strong></span> <span class='ocrx_word' id='word_1_185' title='bbox 773 1009 843 1030; x_wconf 84' lang='lat' dir='ltr'><strong>cum</strong></span> <span class='ocrx_word' id='word_1_186' title='bbox 864 999 1016 1030; x_wconf 82' lang='lat' dir='ltr'><strong>rescribas</strong></span> <span class='ocrx_word' id='word_1_187' title='bbox 1037 1002 1105 1030; x_wconf 88' lang='lat' dir='ltr'><strong>tum</strong></span> <span class='ocrx_word' id='word_1_188' title='bbox 1126 999 1221 1030; x_wconf 88' lang='lat' dir='ltr'><strong>etiam</strong></span> <span class='ocrx_word' id='word_1_189' title='bbox 1243 998 1368 1030; x_wconf 83' lang='lat' dir='ltr'><strong>scribas.</strong></span> <span class='ocrx_word' id='word_1_190' title='bbox 1402 998 1549 1030; x_wconf 85' lang='lat' dir='ltr'><strong>Habuisti</strong></span> 
     </span>
     <span class='ocr_line' id='line_1_16' title="bbox 36 1055 1552 1097; baseline 0 -11"><span class='ocrx_word' id='word_1_191' title='bbox 36 1056 138 1097; x_wconf 90' lang='lat' dir='ltr'><strong>pridie</strong></span> <span class='ocrx_word' id='word_1_192' title='bbox 160 1055 235 1096; x_wconf 87' lang='lat' dir='ltr'><strong>quid</strong></span> <span class='ocrx_word' id='word_1_193' title='bbox 252 1056 333 1096; x_wconf 88' lang='lat' dir='ltr'><strong>juris</strong></span> <span class='ocrx_word' id='word_1_194' title='bbox 354 1056 387 1086; x_wconf 91' lang='grc'><strong>111</strong></span> <span class='ocrx_word' id='word_1_195' title='bbox 406 1055 531 1096; x_wconf 87' lang='lat' dir='ltr'><strong>negotio</strong></span> <span class='ocrx_word' id='word_1_196' title='bbox 554 1058 608 1086; x_wconf 92' lang='lat' dir='ltr'><strong>tuo</strong></span> <span class='ocrx_word' id='word_1_197' title='bbox 630 1056 762 1087; x_wconf 87' lang='lat' dir='ltr'><strong>sentiret</strong></span> <span class='ocrx_word' id='word_1_198' title='bbox 783 1056 926 1088; x_wconf 83' lang='lat' dir='ltr'><strong>dominus</strong></span> <span class='ocrx_word' id='word_1_199' title='bbox 947 1056 1130 1087; x_wconf 83' lang='lat' dir='ltr'><strong>Franciscus</strong></span> <span class='ocrx_word' id='word_1_200' title='bbox 1155 1056 1194 1087; x_wconf 93' lang='lat' dir='ltr'><strong>de</strong></span> <span class='ocrx_word' id='word_1_201' title='bbox 1216 1055 1386 1087; x_wconf 82' lang='lat' dir='ltr'><strong>Zabarellis</strong></span> <span class='ocrx_word' id='word_1_202' title='bbox 1403 1056 1433 1092; x_wconf 75' lang='lat'><strong>¹0,</strong></span> <span class='ocrx_word' id='word_1_203' title='bbox 1465 1056 1552 1095; x_wconf 89' lang='lat' dir='ltr'><strong>quid-</strong></span> 
     </span>
     <span class='ocr_line' id='line_1_17' title="bbox 37 1113 1550 1154; baseline 0 -10"><span class='ocrx_word' id='word_1_204' title='bbox 37 1123 100 1153; x_wconf 88' lang='lat' dir='ltr'><strong>que</strong></span> <span class='ocrx_word' id='word_1_205' title='bbox 121 1123 176 1154; x_wconf 87' lang='lat' dir='ltr'><strong>ego</strong></span> <span class='ocrx_word' id='word_1_206' title='bbox 192 1114 222 1151; x_wconf 83' lang='lat'><strong>¹¹,</strong></span> <span class='ocrx_word' id='word_1_207' title='bbox 243 1116 280 1144; x_wconf 82' lang='lat' dir='ltr'><strong>ut</strong></span> <span class='ocrx_word' id='word_1_208' title='bbox 299 1114 345 1144; x_wconf 89' lang='lat' dir='ltr'><strong>ita</strong></span> <span class='ocrx_word' id='word_1_209' title='bbox 367 1113 510 1151; x_wconf 85' lang='lat' dir='ltr'><strong>dixerim,</strong></span> <span class='ocrx_word' id='word_1_210' title='bbox 533 1114 728 1145; x_wconf 87' lang='lat' dir='ltr'><strong>somniarem.</strong></span> <span class='ocrx_word' id='word_1_211' title='bbox 749 1113 851 1145; x_wconf 87' lang='lat' dir='ltr'><strong>Debes</strong></span> <span class='ocrx_word' id='word_1_212' title='bbox 872 1113 919 1144; x_wconf 89' lang='lat' dir='ltr'><strong>illi</strong></span> <span class='ocrx_word' id='word_1_213' title='bbox 934 1113 1069 1153; x_wconf 84' lang='lat' dir='ltr'><strong>gratiam</strong></span> <span class='ocrx_word' id='word_1_214' title='bbox 1085 1114 1116 1151; x_wconf 56' lang='grc' dir='ltr'><strong>Π,</strong></span> <span class='ocrx_word' id='word_1_215' title='bbox 1139 1114 1223 1154; x_wconf 89' lang='lat' dir='ltr'><strong>quod</strong></span> <span class='ocrx_word' id='word_1_216' title='bbox 1238 1114 1269 1153; x_wconf 78' lang='lat'><strong>¹³,</strong></span> <span class='ocrx_word' id='word_1_217' title='bbox 1290 1124 1352 1145; x_wconf 90' lang='lat' dir='ltr'><strong>non</strong></span> <span class='ocrx_word' id='word_1_218' title='bbox 1367 1114 1479 1144; x_wconf 89' lang='lat' dir='ltr'><strong>minori</strong></span> <span class='ocrx_word' id='word_1_219' title='bbox 1503 1124 1550 1145; x_wconf 89' lang='lat' dir='ltr'><strong>vo-</strong></span> 
     </span>
     <span class='ocr_line' id='line_1_18' title="bbox 36 1170 1551 1212; baseline 0.001 -11"><span class='ocrx_word' id='word_1_220' title='bbox 36 1170 159 1210; x_wconf 86' lang='lat' dir='ltr'><strong>luptate</strong></span> <span class='ocrx_word' id='word_1_221' title='bbox 180 1181 276 1211; x_wconf 89' lang='lat' dir='ltr'><strong>quam</strong></span> <span class='ocrx_word' id='word_1_222' title='bbox 298 1171 462 1211; x_wconf 85' lang='lat' dir='ltr'><strong>diligentia</strong></span> <span class='ocrx_word' id='word_1_223' title='bbox 473 1171 627 1212; x_wconf 88' lang='lat' dir='ltr'><strong>judicium</strong></span> <span class='ocrx_word' id='word_1_224' title='bbox 643 1171 664 1188; x_wconf 80' lang='lat'><strong>¹⁴</strong></span> <span class='ocrx_word' id='word_1_225' title='bbox 686 1171 844 1208; x_wconf 85' lang='lat' dir='ltr'><strong>adhibuit,</strong></span> <span class='ocrx_word' id='word_1_226' title='bbox 865 1173 900 1201; x_wconf 81' lang='lat' dir='ltr'><strong>ut</strong></span> <span class='ocrx_word' id='word_1_227' title='bbox 915 1170 969 1210; x_wconf 86' lang='lat' dir='ltr'><strong>qui</strong></span> <span class='ocrx_word' id='word_1_228' title='bbox 983 1171 1041 1202; x_wconf 87' lang='lat' dir='ltr'><strong>tibi</strong></span> <span class='ocrx_word' id='word_1_229' title='bbox 1056 1172 1077 1188; x_wconf 67' lang='lat'><strong>¹5</strong></span> <span class='ocrx_word' id='word_1_230' title='bbox 1099 1181 1286 1211; x_wconf 84' lang='lat' dir='ltr'><strong>magnopere</strong></span> <span class='ocrx_word' id='word_1_231' title='bbox 1300 1171 1407 1211; x_wconf 89' lang='lat' dir='ltr'><strong>cupiat</strong></span> <span class='ocrx_word' id='word_1_232' title='bbox 1426 1174 1551 1212; x_wconf 87' lang='lat' dir='ltr'><strong>gratam</strong></span> 
     </span>
     <span class='ocr_line' id='line_1_19' title="bbox 34 1227 1547 1268; baseline 0 -9"><span class='ocrx_word' id='word_1_233' title='bbox 34 1238 102 1259; x_wconf 83' lang='lat' dir='ltr'><strong>rem</strong></span> <span class='ocrx_word' id='word_1_234' title='bbox 122 1227 263 1266; x_wconf 89' lang='lat' dir='ltr'><strong>reddere,</strong></span> <span class='ocrx_word' id='word_1_235' title='bbox 284 1238 474 1268; x_wconf 85' lang='lat' dir='ltr'><strong>operamque</strong></span> <span class='ocrx_word' id='word_1_236' title='bbox 494 1238 592 1265; x_wconf 89' lang='lat' dir='ltr'><strong>suam,</strong></span> <span class='ocrx_word' id='word_1_237' title='bbox 614 1228 640 1259; x_wconf 91' lang='lat' dir='ltr'><strong>si</strong></span> <span class='ocrx_word' id='word_1_238' title='bbox 661 1228 737 1268; x_wconf 89' lang='lat' dir='ltr'><strong>quid</strong></span> <span class='ocrx_word' id='word_1_239' title='bbox 757 1231 813 1259; x_wconf 85' lang='lat' dir='ltr'><strong>aut</strong></span> <span class='ocrx_word' id='word_1_240' title='bbox 835 1238 890 1268; x_wconf 90' lang='lat' dir='ltr'><strong>pro</strong></span> <span class='ocrx_word' id='word_1_241' title='bbox 904 1231 936 1259; x_wconf 89' lang='lat' dir='ltr'><strong>te</strong></span> <span class='ocrx_word' id='word_1_242' title='bbox 952 1231 1009 1259; x_wconf 87' lang='lat' dir='ltr'><strong>aut</strong></span> <span class='ocrx_word' id='word_1_243' title='bbox 1023 1238 1078 1267; x_wconf 86' lang='lat' dir='ltr'><strong>pro</strong></span> <span class='ocrx_word' id='word_1_244' title='bbox 1099 1228 1206 1259; x_wconf 85' lang='lat' dir='ltr'><strong>amicis</strong></span> <span class='ocrx_word' id='word_1_245' title='bbox 1229 1228 1306 1259; x_wconf 87' lang='lat' dir='ltr'><strong>effici</strong></span> <span class='ocrx_word' id='word_1_246' title='bbox 1328 1228 1368 1259; x_wconf 88' lang='lat' dir='ltr'><strong>ab</strong></span> <span class='ocrx_word' id='word_1_247' title='bbox 1385 1239 1420 1259; x_wconf 83' lang='lat' dir='ltr'><strong>eo</strong></span> <span class='ocrx_word' id='word_1_248' title='bbox 1442 1229 1547 1268; x_wconf 87' lang='lat' dir='ltr'><strong>possit,</strong></span> 
     </span>
     <span class='ocr_line' id='line_1_20' title="bbox 35 1285 345 1325; baseline 0.003 -10"><span class='ocrx_word' id='word_1_249' title='bbox 35 1288 222 1325; x_wconf 83' lang='lat' dir='ltr'><strong>promptum</strong></span> <span class='ocrx_word' id='word_1_250' title='bbox 244 1285 345 1317; x_wconf 86' lang='lat' dir='ltr'><strong>offert.</strong></span> 
     </span>
    </p>

    <p class='ocr_par' dir='ltr' id='par_1_3' title="bbox 30 1341 1555 2013">
     <span class='ocr_line' id='line_1_21' title="bbox 116 1341 1553 1383; baseline 0 -10"><span class='ocrx_word' id='word_1_251' title='bbox 116 1342 171 1373; x_wconf 86' lang='lat' dir='ltr'><strong>Est</strong></span> <span class='ocrx_word' id='word_1_252' title='bbox 184 1343 216 1373; x_wconf 92' lang='lat' dir='ltr'><strong>in</strong></span> <span class='ocrx_word' id='word_1_253' title='bbox 238 1353 300 1383; x_wconf 91' lang='lat' dir='ltr'><strong>quo</strong></span> <span class='ocrx_word' id='word_1_254' title='bbox 321 1343 459 1383; x_wconf 78' lang='lat' dir='ltr'><strong>graviter</strong></span> <span class='ocrx_word' id='word_1_255' title='bbox 480 1353 589 1374; x_wconf 89' lang='lat' dir='ltr'><strong>errem.</strong></span> <span class='ocrx_word' id='word_1_256' title='bbox 612 1344 657 1373; x_wconf 85' lang='lat' dir='ltr'><strong>Ac</strong></span> <span class='ocrx_word' id='word_1_257' title='bbox 678 1352 717 1373; x_wconf 92' lang='lat' dir='ltr'><strong>ne</strong></span> <span class='ocrx_word' id='word_1_258' title='bbox 738 1343 825 1383; x_wconf 89' lang='lat' dir='ltr'><strong>prius</strong></span> <span class='ocrx_word' id='word_1_259' title='bbox 845 1343 885 1374; x_wconf 85' lang='lat' dir='ltr'><strong>ab</strong></span> <span class='ocrx_word' id='word_1_260' title='bbox 907 1354 943 1374; x_wconf 87' lang='lat' dir='ltr'><strong>eo</strong></span> <span class='ocrx_word' id='word_1_261' title='bbox 964 1352 1099 1379; x_wconf 83' lang='lat' dir='ltr'><strong>accuser,</strong></span> <span class='ocrx_word' id='word_1_262' title='bbox 1121 1343 1209 1383; x_wconf 81' lang='lat' dir='ltr'><strong>cujus</strong></span> <span class='ocrx_word' id='word_1_263' title='bbox 1231 1353 1281 1374; x_wconf 89' lang='lat' dir='ltr'><strong>res</strong></span> <span class='ocrx_word' id='word_1_264' title='bbox 1308 1353 1414 1374; x_wconf 85' lang='lat' dir='ltr'><strong>omnes</strong></span> <span class='ocrx_word' id='word_1_265' title='bbox 1446 1341 1553 1383; x_wconf 86' lang='lat' dir='ltr'><strong>magni</strong></span> 
     </span>
     <span class='ocr_line' id='line_1_22' title="bbox 37 1399 1552 1440; baseline -0.001 -10"><span class='ocrx_word' id='word_1_266' title='bbox 37 1399 128 1436; x_wconf 85' lang='lat' dir='ltr'><strong>facio,</strong></span> <span class='ocrx_word' id='word_1_267' title='bbox 158 1400 227 1431; x_wconf 80' lang='lat' dir='ltr'><strong>volo</strong></span> <span class='ocrx_word' id='word_1_268' title='bbox 247 1410 297 1431; x_wconf 92' lang='lat' dir='ltr'><strong>me</strong></span> <span class='ocrx_word' id='word_1_269' title='bbox 318 1400 419 1440; x_wconf 90' lang='lat' dir='ltr'><strong>ipsum</strong></span> <span class='ocrx_word' id='word_1_270' title='bbox 450 1403 560 1440; x_wconf 89' lang='lat' dir='ltr'><strong>sponte</strong></span> <span class='ocrx_word' id='word_1_271' title='bbox 581 1400 639 1431; x_wconf 92' lang='lat' dir='ltr'><strong>tibi</strong></span> <span class='ocrx_word' id='word_1_272' title='bbox 670 1409 818 1431; x_wconf 86' lang='lat' dir='ltr'><strong>accusare</strong></span> <span class='ocrx_word' id='word_1_273' title='bbox 834 1400 863 1430; x_wconf 72' lang='lat'><strong>¹⁰.</strong></span> <span class='ocrx_word' id='word_1_274' title='bbox 898 1400 1043 1440; x_wconf 83' lang='lat' dir='ltr'><strong>Magistri</strong></span> <span class='ocrx_word' id='word_1_275' title='bbox 1066 1399 1215 1431; x_wconf 85' lang='lat' dir='ltr'><strong>Gulielmi</strong></span> <span class='ocrx_word' id='word_1_276' title='bbox 1236 1400 1275 1431; x_wconf 86' lang='lat' dir='ltr'><strong>de</strong></span> <span class='ocrx_word' id='word_1_277' title='bbox 1302 1400 1462 1436; x_wconf 70' lang='lat' dir='ltr'><strong>Ravenna,</strong></span> <span class='ocrx_word' id='word_1_278' title='bbox 1484 1410 1552 1430; x_wconf 88' lang='lat' dir='ltr'><strong>meo</strong></span> 
     </span>
     <span class='ocr_line' id='line_1_23' title="bbox 30 1456 1551 1497; baseline -0.001 -10"><span class='ocrx_word' id='word_1_279' title='bbox 30 1456 152 1497; x_wconf 85' lang='lat' dir='ltr'><strong>judicio</strong></span> <span class='ocrx_word' id='word_1_280' title='bbox 171 1457 304 1488; x_wconf 85' lang='lat' dir='ltr'><strong>hominis</strong></span> <span class='ocrx_word' id='word_1_281' title='bbox 325 1457 408 1488; x_wconf 88' lang='lat' dir='ltr'><strong>inter</strong></span> <span class='ocrx_word' id='word_1_282' title='bbox 428 1467 543 1497; x_wconf 87' lang='lat' dir='ltr'><strong>paucos</strong></span> <span class='ocrx_word' id='word_1_283' title='bbox 564 1457 655 1488; x_wconf 83' lang='lat' dir='ltr'><strong>facile</strong></span> <span class='ocrx_word' id='word_1_284' title='bbox 675 1467 713 1488; x_wconf 85' lang='lat' dir='ltr'><strong>ex</strong></span> <span class='ocrx_word' id='word_1_285' title='bbox 734 1457 852 1496; x_wconf 82' lang='lat' dir='ltr'><strong>primis,</strong></span> <span class='ocrx_word' id='word_1_286' title='bbox 873 1457 1045 1488; x_wconf 84' lang='lat' dir='ltr'><strong>amicitiam</strong></span> <span class='ocrx_word' id='word_1_287' title='bbox 1065 1459 1097 1487; x_wconf 89' lang='lat' dir='ltr'><strong>et</strong></span> <span class='ocrx_word' id='word_1_288' title='bbox 1118 1456 1230 1496; x_wconf 88' lang='lat' dir='ltr'><strong>cupide</strong></span> <span class='ocrx_word' id='word_1_289' title='bbox 1251 1457 1357 1496; x_wconf 67' lang='lat' dir='ltr'><strong>optavi</strong></span> <span class='ocrx_word' id='word_1_290' title='bbox 1378 1466 1394 1487; x_wconf 93' lang='lat' dir='ltr'><strong>e</strong></span> <span class='ocrx_word' id='word_1_291' title='bbox 1416 1456 1551 1487; x_wconf 84' lang='lat' dir='ltr'><strong>feliciter</strong></span> 
     </span>
     <span class='ocr_line' id='line_1_24' title="bbox 35 1513 1552 1554; baseline -0.001 -9"><span class='ocrx_word' id='word_1_292' title='bbox 35 1517 222 1554; x_wconf 80' lang='lat' dir='ltr'><strong>assequutus</strong></span> <span class='ocrx_word' id='word_1_293' title='bbox 242 1524 319 1545; x_wconf 88' lang='lat' dir='ltr'><strong>sum.</strong></span> <span class='ocrx_word' id='word_1_294' title='bbox 343 1513 447 1552; x_wconf 85' lang='lat' dir='ltr'><strong>Quare</strong></span> <span class='ocrx_word' id='word_1_295' title='bbox 463 1515 484 1531; x_wconf 86' lang='lat'><strong>¹⁷</strong></span> <span class='ocrx_word' id='word_1_296' title='bbox 503 1514 548 1545; x_wconf 89' lang='lat' dir='ltr'><strong>nil</strong></span> <span class='ocrx_word' id='word_1_297' title='bbox 562 1514 638 1545; x_wconf 88' lang='lat' dir='ltr'><strong>mihi</strong></span> <span class='ocrx_word' id='word_1_298' title='bbox 652 1514 763 1551; x_wconf 84' lang='lat' dir='ltr'><strong>carius,</strong></span> <span class='ocrx_word' id='word_1_299' title='bbox 780 1514 825 1544; x_wconf 87' lang='lat' dir='ltr'><strong>nil</strong></span> <span class='ocrx_word' id='word_1_300' title='bbox 841 1514 861 1530; x_wconf 65' lang='lat'><strong>¹⁸</strong></span> <span class='ocrx_word' id='word_1_301' title='bbox 882 1514 1043 1554; x_wconf 83' lang='lat' dir='ltr'><strong>antiquius</strong></span> <span class='ocrx_word' id='word_1_302' title='bbox 1058 1514 1080 1530; x_wconf 68' lang='lat'><strong>¹⁵¹</strong></span> <span class='ocrx_word' id='word_1_303' title='bbox 1100 1514 1170 1550; x_wconf 86' lang='lat' dir='ltr'><strong>fuit,</strong></span> <span class='ocrx_word' id='word_1_304' title='bbox 1186 1532 1224 1536; x_wconf 92' lang='lat'><strong>—-</strong></span> <span class='ocrx_word' id='word_1_305' title='bbox 1238 1516 1344 1554; x_wconf 72' lang='lat' dir='ltr'><strong>atque,</strong></span> <span class='ocrx_word' id='word_1_306' title='bbox 1361 1517 1395 1544; x_wconf 84' lang='lat' dir='ltr'><strong>ut</strong></span> <span class='ocrx_word' id='word_1_307' title='bbox 1410 1513 1442 1544; x_wconf 89' lang='lat' dir='ltr'><strong>id</strong></span> <span class='ocrx_word' id='word_1_308' title='bbox 1458 1513 1552 1553; x_wconf 87' lang='lat' dir='ltr'><strong>plane</strong></span> 
     </span>
     <span class='ocr_line' id='line_1_25' title="bbox 34 1570 1548 1612; baseline -0.001 -9"><span class='ocrx_word' id='word_1_309' title='bbox 34 1571 201 1612; x_wconf 86' lang='lat' dir='ltr'><strong>intelligas,</strong></span> <span class='ocrx_word' id='word_1_310' title='bbox 220 1571 271 1602; x_wconf 85' lang='lat' dir='ltr'><strong>vix</strong></span> <span class='ocrx_word' id='word_1_311' title='bbox 292 1570 465 1612; x_wconf 83' lang='lat' dir='ltr'><strong>quidquam</strong></span> <span class='ocrx_word' id='word_1_312' title='bbox 486 1574 533 1602; x_wconf 87' lang='lat' dir='ltr'><strong>est</strong></span> <span class='ocrx_word' id='word_1_313' title='bbox 554 1571 637 1611; x_wconf 88' lang='lat' dir='ltr'><strong>quod</strong></span> <span class='ocrx_word' id='word_1_314' title='bbox 656 1581 740 1602; x_wconf 90' lang='lat' dir='ltr'><strong>nunc</strong></span> <span class='ocrx_word' id='word_1_315' title='bbox 760 1571 858 1611; x_wconf 83' lang='lat' dir='ltr'><strong>magis</strong></span> <span class='ocrx_word' id='word_1_316' title='bbox 873 1574 929 1602; x_wconf 85' lang='lat' dir='ltr'><strong>aut</strong></span> <span class='ocrx_word' id='word_1_317' title='bbox 943 1581 1060 1611; x_wconf 82' lang='lat' dir='ltr'><strong>querar</strong></span> <span class='ocrx_word' id='word_1_318' title='bbox 1073 1571 1096 1587; x_wconf 76' lang='lat'><strong>‘²⁰</strong></span> <span class='ocrx_word' id='word_1_319' title='bbox 1111 1574 1167 1601; x_wconf 88' lang='lat' dir='ltr'><strong>aut</strong></span> <span class='ocrx_word' id='word_1_320' title='bbox 1187 1580 1281 1611; x_wconf 87' lang='lat' dir='ltr'><strong>aegre</strong></span> <span class='ocrx_word' id='word_1_321' title='bbox 1303 1571 1429 1607; x_wconf 80' lang='lat' dir='ltr'><strong>ferram,</strong></span> <span class='ocrx_word' id='word_1_322' title='bbox 1453 1580 1548 1610; x_wconf 87' lang='lat' dir='ltr'><strong>quam</strong></span> 
     </span>
     <span class='ocr_line' id='line_1_26' title="bbox 37 1627 1550 1669; baseline -0.002 -9"><span class='ocrx_word' id='word_1_323' title='bbox 37 1629 121 1669; x_wconf 90' lang='lat' dir='ltr'><strong>quod</strong></span> <span class='ocrx_word' id='word_1_324' title='bbox 142 1628 298 1660; x_wconf 89' lang='lat' dir='ltr'><strong>hominem</strong></span> <span class='ocrx_word' id='word_1_325' title='bbox 319 1629 403 1659; x_wconf 89' lang='lat' dir='ltr'><strong>hunc</strong></span> <span class='ocrx_word' id='word_1_326' title='bbox 423 1638 490 1660; x_wconf 90' lang='lat' dir='ltr'><strong>sero</strong></span> <span class='ocrx_word' id='word_1_327' title='bbox 511 1629 588 1659; x_wconf 90' lang='lat' dir='ltr'><strong>mihi</strong></span> <span class='ocrx_word' id='word_1_328' title='bbox 609 1627 719 1659; x_wconf 86' lang='lat' dir='ltr'><strong>datum</strong></span> <span class='ocrx_word' id='word_1_329' title='bbox 740 1631 786 1659; x_wconf 91' lang='lat' dir='ltr'><strong>est</strong></span> <span class='ocrx_word' id='word_1_330' title='bbox 808 1638 1000 1669; x_wconf 84' lang='lat' dir='ltr'><strong>cognoscere,</strong></span> <span class='ocrx_word' id='word_1_331' title='bbox 1020 1638 1088 1659; x_wconf 83' lang='lat' dir='ltr'><strong>sero</strong></span> <span class='ocrx_word' id='word_1_332' title='bbox 1104 1627 1347 1659; x_wconf 83' lang='lat' dir='ltr'><strong>benivolentiam</strong></span> <span class='ocrx_word' id='word_1_333' title='bbox 1369 1628 1436 1668; x_wconf 85' lang='lat' dir='ltr'><strong>ejus</strong></span> <span class='ocrx_word' id='word_1_334' title='bbox 1458 1628 1550 1657; x_wconf 88' lang='lat' dir='ltr'><strong>attin-</strong></span> 
     </span>
     <span class='ocr_line' id='line_1_27' title="bbox 35 1684 1555 1727; baseline -0.002 -10"><span class='ocrx_word' id='word_1_335' title='bbox 35 1696 117 1727; x_wconf 89' lang='lat' dir='ltr'><strong>gere.</strong></span> <span class='ocrx_word' id='word_1_336' title='bbox 135 1685 237 1724; x_wconf 84' lang='lat' dir='ltr'><strong>Quum</strong></span> <span class='ocrx_word' id='word_1_337' title='bbox 251 1686 334 1717; x_wconf 91' lang='lat' dir='ltr'><strong>enim</strong></span> <span class='ocrx_word' id='word_1_338' title='bbox 348 1686 484 1716; x_wconf 87' lang='lat' dir='ltr'><strong>antehac</strong></span> <span class='ocrx_word' id='word_1_339' title='bbox 497 1686 519 1702; x_wconf 76' lang='lat'><strong>‘²¹</strong></span> <span class='ocrx_word' id='word_1_340' title='bbox 537 1688 569 1717; x_wconf 85' lang='lat' dir='ltr'><strong>et</strong></span> <span class='ocrx_word' id='word_1_341' title='bbox 582 1685 764 1725; x_wconf 84' lang='lat' dir='ltr'><strong>alloquendi</strong></span> <span class='ocrx_word' id='word_1_342' title='bbox 780 1688 811 1716; x_wconf 83' lang='lat' dir='ltr'><strong>et</strong></span> <span class='ocrx_word' id='word_1_343' title='bbox 824 1684 984 1716; x_wconf 82' lang='lat' dir='ltr'><strong>salutandi</strong></span> <span class='ocrx_word' id='word_1_344' title='bbox 999 1688 1031 1716; x_wconf 89' lang='lat' dir='ltr'><strong>et</strong></span> <span class='ocrx_word' id='word_1_345' title='bbox 1045 1685 1078 1715; x_wconf 88' lang='lat' dir='ltr'><strong>in</strong></span> <span class='ocrx_word' id='word_1_346' title='bbox 1093 1685 1240 1725; x_wconf 56' lang='grc' dir='ltr'><strong>11111111ιεῖξ</strong></span> <span class='ocrx_word' id='word_1_347' title='bbox 1256 1685 1409 1716; x_wconf 88' lang='lat' dir='ltr'><strong>amicitias</strong></span> <span class='ocrx_word' id='word_1_348' title='bbox 1423 1684 1555 1716; x_wconf 85' lang='lat' dir='ltr'><strong>coeundi</strong></span> 
     </span>
     <span class='ocr_line' id='line_1_28' title="bbox 37 1742 1553 1784; baseline -0.001 -10"><span class='ocrx_word' id='word_1_349' title='bbox 37 1753 132 1784; x_wconf 87' lang='lat' dir='ltr'><strong>saepe</strong></span> <span class='ocrx_word' id='word_1_350' title='bbox 152 1743 264 1775; x_wconf 87' lang='lat' dir='ltr'><strong>decens</strong></span> <span class='ocrx_word' id='word_1_351' title='bbox 285 1742 393 1774; x_wconf 88' lang='lat' dir='ltr'><strong>oblata</strong></span> <span class='ocrx_word' id='word_1_352' title='bbox 413 1742 522 1774; x_wconf 81' lang='lat' dir='ltr'><strong>fuisset</strong></span> <span class='ocrx_word' id='word_1_353' title='bbox 543 1743 672 1780; x_wconf 77' lang='lat' dir='ltr'><strong>occasio,</strong></span> <span class='ocrx_word' id='word_1_354' title='bbox 693 1753 867 1783; x_wconf 88' lang='lat' dir='ltr'><strong>numquam</strong></span> <span class='ocrx_word' id='word_1_355' title='bbox 889 1745 1006 1780; x_wconf 87' lang='lat' dir='ltr'><strong>tamen,</strong></span> <span class='ocrx_word' id='word_1_356' title='bbox 1027 1742 1130 1773; x_wconf 88' lang='lat' dir='ltr'><strong>nescio</strong></span> <span class='ocrx_word' id='word_1_357' title='bbox 1145 1752 1209 1782; x_wconf 89' lang='lat' dir='ltr'><strong>qua</strong></span> <span class='ocrx_word' id='word_1_358' title='bbox 1230 1742 1330 1773; x_wconf 84' lang='lat' dir='ltr'><strong>cordis</strong></span> <span class='ocrx_word' id='word_1_359' title='bbox 1348 1742 1482 1783; x_wconf 87' lang='lat' dir='ltr'><strong>ignavia,</strong></span> <span class='ocrx_word' id='word_1_360' title='bbox 1499 1752 1553 1772; x_wconf 87' lang='lat' dir='ltr'><strong>seu</strong></span> 
     </span>
     <span class='ocr_line' id='line_1_29' title="bbox 38 1799 1550 1840; baseline -0.001 -9"><span class='ocrx_word' id='word_1_361' title='bbox 38 1801 141 1832; x_wconf 86' lang='lat' dir='ltr'><strong>verius</strong></span> <span class='ocrx_word' id='word_1_362' title='bbox 159 1800 341 1839; x_wconf 84' lang='lat' dir='ltr'><strong>timiditate,</strong></span> <span class='ocrx_word' id='word_1_363' title='bbox 362 1810 428 1831; x_wconf 89' lang='lat' dir='ltr'><strong>rem</strong></span> <span class='ocrx_word' id='word_1_364' title='bbox 450 1803 516 1831; x_wconf 88' lang='lat' dir='ltr'><strong>tam</strong></span> <span class='ocrx_word' id='word_1_365' title='bbox 536 1800 744 1840; x_wconf 85' lang='lat' dir='ltr'><strong>praeclaram,</strong></span> <span class='ocrx_word' id='word_1_366' title='bbox 765 1802 894 1840; x_wconf 86' lang='lat' dir='ltr'><strong>tamque</strong></span> <span class='ocrx_word' id='word_1_367' title='bbox 915 1799 1124 1840; x_wconf 77' lang='lat' dir='ltr'><strong>expetendam</strong></span> <span class='ocrx_word' id='word_1_368' title='bbox 1145 1809 1238 1830; x_wconf 85' lang='lat' dir='ltr'><strong>ausus</strong></span> <span class='ocrx_word' id='word_1_369' title='bbox 1269 1810 1337 1830; x_wconf 81' lang='lat' dir='ltr'><strong>sum</strong></span> <span class='ocrx_word' id='word_1_370' title='bbox 1359 1799 1495 1840; x_wconf 83' lang='lat' dir='ltr'><strong>aggredi.</strong></span> <span class='ocrx_word' id='word_1_371' title='bbox 1512 1817 1550 1820; x_wconf 91' lang='lat'><strong>—-</strong></span> 
     </span>
     <span class='ocr_line' id='line_1_30' title="bbox 37 1856 1553 1898; baseline -0.001 -10"><span class='ocrx_word' id='word_1_372' title='bbox 37 1858 143 1898; x_wconf 83' lang='lat' dir='ltr'><strong>Atque</strong></span> <span class='ocrx_word' id='word_1_373' title='bbox 173 1858 219 1889; x_wconf 90' lang='lat' dir='ltr'><strong>ita</strong></span> <span class='ocrx_word' id='word_1_374' title='bbox 239 1857 294 1888; x_wconf 90' lang='lat' dir='ltr'><strong>diu</strong></span> <span class='ocrx_word' id='word_1_375' title='bbox 314 1857 452 1888; x_wconf 89' lang='lat' dir='ltr'><strong>muneris</strong></span> <span class='ocrx_word' id='word_1_376' title='bbox 483 1857 578 1898; x_wconf 85' lang='lat' dir='ltr'><strong>hujus</strong></span> <span class='ocrx_word' id='word_1_377' title='bbox 598 1867 708 1897; x_wconf 80' lang='lat' dir='ltr'><strong>expers</strong></span> <span class='ocrx_word' id='word_1_378' title='bbox 726 1857 821 1898; x_wconf 80' lang='lat' dir='ltr'><strong>jacui.</strong></span> <span class='ocrx_word' id='word_1_379' title='bbox 854 1856 946 1888; x_wconf 87' lang='lat' dir='ltr'><strong>Nunc</strong></span> <span class='ocrx_word' id='word_1_380' title='bbox 967 1868 1049 1894; x_wconf 87' lang='lat' dir='ltr'><strong>vero,</strong></span> <span class='ocrx_word' id='word_1_381' title='bbox 1070 1857 1197 1897; x_wconf 88' lang='lat' dir='ltr'><strong>quando</strong></span> <span class='ocrx_word' id='word_1_382' title='bbox 1224 1859 1255 1888; x_wconf 88' lang='lat' dir='ltr'><strong>et</strong></span> <span class='ocrx_word' id='word_1_383' title='bbox 1276 1859 1419 1897; x_wconf 90' lang='lat' dir='ltr'><strong>respectu</strong></span> <span class='ocrx_word' id='word_1_384' title='bbox 1443 1859 1498 1887; x_wconf 88' lang='lat' dir='ltr'><strong>tuo</strong></span> <span class='ocrx_word' id='word_1_385' title='bbox 1521 1858 1553 1886; x_wconf 82' lang='lat' dir='ltr'><strong>et</strong></span> 
     </span>
     <span class='ocr_line' id='line_1_31' title="bbox 43 1914 1551 1956; baseline -0.001 -10"><span class='ocrx_word' id='word_1_386' title='bbox 43 1915 186 1956; x_wconf 84' lang='lat' dir='ltr'><strong>magistri</strong></span> <span class='ocrx_word' id='word_1_387' title='bbox 207 1914 442 1952; x_wconf 80' lang='lat' dir='ltr'><strong>Aldrovandini,</strong></span> <span class='ocrx_word' id='word_1_388' title='bbox 464 1914 635 1945; x_wconf 89' lang='lat' dir='ltr'><strong>communis</strong></span> <span class='ocrx_word' id='word_1_389' title='bbox 656 1914 758 1951; x_wconf 88' lang='lat' dir='ltr'><strong>amici,</strong></span> <span class='ocrx_word' id='word_1_390' title='bbox 779 1924 884 1954; x_wconf 87' lang='lat' dir='ltr'><strong>opera,</strong></span> <span class='ocrx_word' id='word_1_391' title='bbox 917 1924 985 1945; x_wconf 89' lang='lat' dir='ltr'><strong>sum</strong></span> <span class='ocrx_word' id='word_1_392' title='bbox 1006 1914 1038 1944; x_wconf 91' lang='lat' dir='ltr'><strong>in</strong></span> <span class='ocrx_word' id='word_1_393' title='bbox 1059 1914 1230 1945; x_wconf 88' lang='lat' dir='ltr'><strong>amicitiam</strong></span> <span class='ocrx_word' id='word_1_394' title='bbox 1252 1914 1413 1951; x_wconf 85' lang='lat' dir='ltr'><strong>admissus,</strong></span> <span class='ocrx_word' id='word_1_395' title='bbox 1435 1923 1551 1950; x_wconf 74' lang='lat' dir='ltr'><strong>vereor,</strong></span> 
     </span>
     <span class='ocr_line' id='line_1_32' title="bbox 47 1970 1554 2013; baseline -0.003 -9"><span class='ocrx_word' id='word_1_396' title='bbox 47 1983 87 2004; x_wconf 88' lang='lat' dir='ltr'><strong>ne</strong></span> <span class='ocrx_word' id='word_1_397' title='bbox 108 1973 255 2013; x_wconf 86' lang='lat' dir='ltr'><strong>indignus</strong></span> <span class='ocrx_word' id='word_1_398' title='bbox 275 1982 313 2003; x_wconf 89' lang='lat' dir='ltr'><strong>ea</strong></span> <span class='ocrx_word' id='word_1_399' title='bbox 330 1972 463 2012; x_wconf 89' lang='lat' dir='ltr'><strong>judicer,</strong></span> <span class='ocrx_word' id='word_1_400' title='bbox 485 1975 517 2003; x_wconf 86' lang='lat' dir='ltr'><strong>et</strong></span> <span class='ocrx_word' id='word_1_401' title='bbox 538 1975 573 2003; x_wconf 90' lang='lat' dir='ltr'><strong>ut</strong></span> <span class='ocrx_word' id='word_1_402' title='bbox 594 1982 707 2012; x_wconf 89' lang='lat' dir='ltr'><strong>parum</strong></span> <span class='ocrx_word' id='word_1_403' title='bbox 727 1972 857 2003; x_wconf 80' lang='lat' dir='ltr'><strong>men&#39;tus</strong></span> <span class='ocrx_word' id='word_1_404' title='bbox 871 1971 1031 2003; x_wconf 87' lang='lat' dir='ltr'><strong>excludar.</strong></span> <span class='ocrx_word' id='word_1_405' title='bbox 1051 1971 1143 2009; x_wconf 82' lang='lat' dir='ltr'><strong>Nam,</strong></span> <span class='ocrx_word' id='word_1_406' title='bbox 1166 1982 1237 2002; x_wconf 86' lang='lat' dir='ltr'><strong>cum</strong></span> <span class='ocrx_word' id='word_1_407' title='bbox 1251 1971 1392 2011; x_wconf 83' lang='lat' dir='ltr'><strong>proxime</strong></span> <span class='ocrx_word' id='word_1_408' title='bbox 1414 1970 1554 2001; x_wconf 81' lang='lat' dir='ltr'><strong>Venetiis</strong></span> 
     </span>
    </p>
   </div>
   <div class='ocr_carea' id='block_1_3' title="bbox 40 2117 1559 2640">
    <p class='ocr_par' dir='ltr' id='par_1_4' title="bbox 47 2117 1268 2153">
     <span class='ocr_line' id='line_1_33' title="bbox 47 2117 1268 2153; baseline -0.002 -7"><span class='ocrx_word' id='word_1_409' title='bbox 47 2119 56 2136; x_wconf 83' lang='lat'><strong>¹</strong></span> <span class='ocrx_word' id='word_1_410' title='bbox 76 2118 145 2146; x_wconf 79' lang='lat' dir='ltr'><strong>Reff.</strong></span> <span class='ocrx_word' id='word_1_411' title='bbox 164 2125 248 2153; x_wconf 73' lang='lat' dir='ltr'><strong>ayere</strong></span> <span class='ocrx_word' id='word_1_412' title='bbox 816 2118 836 2135; x_wconf 74' lang='lat'><strong>¹2</strong></span> <span class='ocrx_word' id='word_1_413' title='bbox 856 2117 901 2144; x_wconf 90' lang='lat' dir='ltr'><strong>Gr.</strong></span> <span class='ocrx_word' id='word_1_414' title='bbox 921 2125 1067 2144; x_wconf 68' lang='lat' dir='ltr'><strong>scammum</strong></span> <span class='ocrx_word' id='word_1_415' title='bbox 1085 2117 1164 2144; x_wconf 77' lang='lat' dir='ltr'><strong>(lebes</strong></span> <span class='ocrx_word' id='word_1_416' title='bbox 1183 2125 1268 2152; x_wconf 62' lang='lat' dir='ltr'><strong>affere</strong></span> 
     </span>
    </p>

    <p class='ocr_par' dir='ltr' id='par_1_5' title="bbox 45 2162 1001 2196">
     <span class='ocr_line' id='line_1_34' title="bbox 45 2162 1001 2196; baseline -0.001 -6"><span class='ocrx_word' id='word_1_417' title='bbox 45 2163 57 2181; x_wconf 73' lang='lat'><strong>⁹</strong></span> <span class='ocrx_word' id='word_1_418' title='bbox 75 2163 130 2190; x_wconf 78' lang='grc' dir='ltr'><strong>ΡΡ.</strong></span> <span class='ocrx_word' id='word_1_419' title='bbox 149 2163 246 2190; x_wconf 68' lang='lat' dir='ltr'><strong>venire</strong></span> <span class='ocrx_word' id='word_1_420' title='bbox 815 2163 837 2179; x_wconf 75' lang='lat'><strong>¹³</strong></span> <span class='ocrx_word' id='word_1_421' title='bbox 856 2162 911 2189; x_wconf 83' lang='grc' dir='ltr'><strong>ΡΡ.</strong></span> <span class='ocrx_word' id='word_1_422' title='bbox 930 2162 1001 2196; x_wconf 72' lang='lat' dir='ltr'><strong>quia</strong></span> 
     </span>
    </p>

    <p class='ocr_par' dir='ltr' id='par_1_6' title="bbox 45 2206 1167 2241">
     <span class='ocr_line' id='line_1_35' title="bbox 45 2206 1167 2241; baseline -0.001 -6"><span class='ocrx_word' id='word_1_423' title='bbox 45 2208 57 2225; x_wconf 84' lang='lat'><strong>³</strong></span> <span class='ocrx_word' id='word_1_424' title='bbox 77 2207 123 2235; x_wconf 84' lang='lat' dir='ltr'><strong>Gr.</strong></span> <span class='ocrx_word' id='word_1_425' title='bbox 143 2207 244 2235; x_wconf 83' lang='lat' dir='ltr'><strong>omette</strong></span> <span class='ocrx_word' id='word_1_426' title='bbox 262 2214 326 2234; x_wconf 84' lang='lat' dir='ltr'><strong>sors</strong></span> <span class='ocrx_word' id='word_1_427' title='bbox 811 2206 833 2224; x_wconf 65' lang='grc' dir='ltr'>Η</span> <span class='ocrx_word' id='word_1_428' title='bbox 854 2206 900 2234; x_wconf 88' lang='lat' dir='ltr'><strong>Gr.</strong></span> <span class='ocrx_word' id='word_1_429' title='bbox 913 2206 1062 2241; x_wconf 75' lang='lat' dir='ltr'><strong>judicium</strong></span> <span class='ocrx_word' id='word_1_430' title='bbox 1081 2215 1167 2235; x_wconf 77' lang='lat' dir='ltr'><strong>suum</strong></span> 
     </span>
    </p>

    <p class='ocr_par' dir='ltr' id='par_1_7' title="bbox 47 2250 971 2286">
     <span class='ocr_line' id='line_1_36' title="bbox 47 2250 971 2286; baseline -0.001 -7"><span class='ocrx_word' id='word_1_431' title='bbox 47 2252 58 2269; x_wconf 86' lang='lat'>⁴</span> <span class='ocrx_word' id='word_1_432' title='bbox 75 2251 136 2279; x_wconf 87' lang='lat' dir='ltr'><strong>PM.</strong></span> <span class='ocrx_word' id='word_1_433' title='bbox 156 2259 270 2286; x_wconf 78' lang='lat' dir='ltr'><strong>sequar.</strong></span> <span class='ocrx_word' id='word_1_434' title='bbox 290 2250 369 2278; x_wconf 81' lang='lat' dir='ltr'><strong>Dum</strong></span> <span class='ocrx_word' id='word_1_435' title='bbox 813 2252 836 2269; x_wconf 82' lang='lat'><strong>¹⁵</strong></span> <span class='ocrx_word' id='word_1_436' title='bbox 856 2251 911 2278; x_wconf 87' lang='grc' dir='ltr'><strong>ΡΡ.</strong></span> <span class='ocrx_word' id='word_1_437' title='bbox 930 2250 971 2278; x_wconf 66' lang='lat' dir='ltr'><strong>ibi</strong></span> 
     </span>
    </p>

    <p class='ocr_par' dir='ltr' id='par_1_8' title="bbox 47 2295 1198 2330">
     <span class='ocr_line' id='line_1_37' title="bbox 47 2295 1198 2330; baseline -0.001 -7"><span class='ocrx_word' id='word_1_438' title='bbox 47 2297 58 2314; x_wconf 82' lang='lat'>⁵</span> <span class='ocrx_word' id='word_1_439' title='bbox 76 2296 132 2324; x_wconf 84' lang='grc' dir='ltr'><strong>ΡΡ.</strong></span> <span class='ocrx_word' id='word_1_440' title='bbox 151 2295 265 2323; x_wconf 75' lang='lat' dir='ltr'><strong>homine</strong></span> <span class='ocrx_word' id='word_1_441' title='bbox 817 2297 838 2313; x_wconf 70' lang='lat'><strong>¹⁶</strong></span> <span class='ocrx_word' id='word_1_442' title='bbox 858 2295 926 2322; x_wconf 71' lang='lat' dir='ltr'><strong>Roff.</strong></span> <span class='ocrx_word' id='word_1_443' title='bbox 944 2296 1044 2330; x_wconf 74' lang='lat' dir='ltr'><strong>sponte</strong></span> <span class='ocrx_word' id='word_1_444' title='bbox 1062 2302 1198 2323; x_wconf 79' lang='lat' dir='ltr'><strong>accusare</strong></span> 
     </span>
    </p>

    <p class='ocr_par' dir='ltr' id='par_1_9' title="bbox 47 2338 1071 2375">
     <span class='ocr_line' id='line_1_38' title="bbox 47 2338 1071 2375; baseline -0.001 -8"><span class='ocrx_word' id='word_1_445' title='bbox 47 2342 59 2358; x_wconf 83' lang='lat'><strong>⁶</strong></span> <span class='ocrx_word' id='word_1_446' title='bbox 78 2339 146 2368; x_wconf 81' lang='lat' dir='ltr'><strong>Reff.</strong></span> <span class='ocrx_word' id='word_1_447' title='bbox 166 2348 180 2368; x_wconf 86' lang='lat' dir='ltr'><strong>e</strong></span> <span class='ocrx_word' id='word_1_448' title='bbox 199 2339 246 2367; x_wconf 90' lang='lat' dir='ltr'><strong>Gr.</strong></span> <span class='ocrx_word' id='word_1_449' title='bbox 264 2338 330 2375; x_wconf 72' lang='lat' dir='ltr'><strong>Eyo</strong></span> <span class='ocrx_word' id='word_1_450' title='bbox 348 2339 424 2367; x_wconf 77' lang='lat' dir='ltr'><strong>enim</strong></span> <span class='ocrx_word' id='word_1_451' title='bbox 442 2339 500 2367; x_wconf 76' lang='lat' dir='ltr'><strong>nisi</strong></span> <span class='ocrx_word' id='word_1_452' title='bbox 814 2340 835 2357; x_wconf 83' lang='lat'><strong>¹⁷</strong></span> <span class='ocrx_word' id='word_1_453' title='bbox 853 2347 952 2374; x_wconf 76' lang='lat' dir='ltr'><strong>quare,</strong></span> <span class='ocrx_word' id='word_1_454' title='bbox 972 2339 1071 2367; x_wconf 84' lang='lat' dir='ltr'><strong>laonde</strong></span> 
     </span>
    </p>

    <p class='ocr_par' dir='ltr' id='par_1_10' title="bbox 47 2383 1008 2412">
     <span class='ocr_line' id='line_1_39' title="bbox 47 2383 1008 2412; baseline -0.002 0"><span class='ocrx_word' id='word_1_455' title='bbox 47 2385 60 2402; x_wconf 95' lang='lat'>⁷</span> <span class='ocrx_word' id='word_1_456' title='bbox 79 2384 126 2412; x_wconf 89' lang='lat' dir='ltr'><strong>Br.</strong></span> <span class='ocrx_word' id='word_1_457' title='bbox 145 2392 159 2411; x_wconf 83' lang='lat' dir='ltr'><strong>e.</strong></span> <span class='ocrx_word' id='word_1_458' title='bbox 178 2383 240 2411; x_wconf 84' lang='lat' dir='ltr'><strong>PM.</strong></span> <span class='ocrx_word' id='word_1_459' title='bbox 259 2383 436 2412; x_wconf 75' lang='lat' dir='ltr'><strong>contactione</strong></span> <span class='ocrx_word' id='word_1_460' title='bbox 816 2385 838 2401; x_wconf 67' lang='lat' dir='ltr'><strong>¹ss</strong></span> <span class='ocrx_word' id='word_1_461' title='bbox 856 2384 912 2412; x_wconf 89' lang='grc' dir='ltr'><strong>ΡΡ.</strong></span> <span class='ocrx_word' id='word_1_462' title='bbox 932 2384 1008 2411; x_wconf 72' lang='lat' dir='ltr'><strong>nihil</strong></span> 
     </span>
    </p>

    <p class='ocr_par' dir='ltr' id='par_1_11' title="bbox 48 2428 1216 2463">
     <span class='ocr_line' id='line_1_40' title="bbox 48 2428 1216 2463; baseline -0.002 -7"><span class='ocrx_word' id='word_1_463' title='bbox 48 2429 60 2447; x_wconf 75' lang='lat'>⁸</span> <span class='ocrx_word' id='word_1_464' title='bbox 78 2428 146 2456; x_wconf 76' lang='lat' dir='ltr'><strong>Reff.</strong></span> <span class='ocrx_word' id='word_1_465' title='bbox 164 2430 199 2455; x_wconf 73' lang='lat' dir='ltr'><strong>ut</strong></span> <span class='ocrx_word' id='word_1_466' title='bbox 214 2428 275 2463; x_wconf 80' lang='lat' dir='ltr'><strong>ipse</strong></span> <span class='ocrx_word' id='word_1_467' title='bbox 818 2429 839 2445; x_wconf 73' lang='lat'><strong>¹⁹</strong></span> <span class='ocrx_word' id='word_1_468' title='bbox 859 2428 1030 2463; x_wconf 64' lang='lat' dir='ltr'><strong>Antiquizes,</strong></span> <span class='ocrx_word' id='word_1_469' title='bbox 1051 2428 1097 2463; x_wconf 81' lang='lat' dir='ltr'><strong>piu</strong></span> <span class='ocrx_word' id='word_1_470' title='bbox 1118 2428 1216 2463; x_wconf 80' lang='lat' dir='ltr'><strong>degno.</strong></span> 
     </span>
    </p>

    <p class='ocr_par' dir='ltr' id='par_1_12' title="bbox 48 2472 1064 2507">
     <span class='ocr_line' id='line_1_41' title="bbox 48 2472 1064 2507; baseline -0.001 -7"><span class='ocrx_word' id='word_1_471' title='bbox 48 2473 60 2491; x_wconf 78' lang='lat'>⁹</span> <span class='ocrx_word' id='word_1_472' title='bbox 77 2472 134 2501; x_wconf 83' lang='grc' dir='ltr'><strong>ΡΡ.</strong></span> <span class='ocrx_word' id='word_1_473' title='bbox 152 2472 262 2500; x_wconf 82' lang='lat' dir='ltr'><strong>malum</strong></span> <span class='ocrx_word' id='word_1_474' title='bbox 815 2472 838 2490; x_wconf 77' lang='lat'><strong>²⁰</strong></span> <span class='ocrx_word' id='word_1_475' title='bbox 857 2472 918 2500; x_wconf 73' lang='lat' dir='ltr'><strong>PM.</strong></span> <span class='ocrx_word' id='word_1_476' title='bbox 938 2480 1064 2507; x_wconf 73' lang='lat' dir='ltr'><strong>quaerar</strong></span> 
     </span>
    </p>

    <p class='ocr_par' dir='ltr' id='par_1_13' title="bbox 40 2515 1559 2640">
     <span class='ocr_line' id='line_1_42' title="bbox 40 2515 1559 2551; baseline -0.001 -7"><span class='ocrx_word' id='word_1_477' title='bbox 40 2517 63 2535; x_wconf 84' lang='lat'><strong>¹⁰</strong></span> <span class='ocrx_word' id='word_1_478' title='bbox 80 2516 149 2545; x_wconf 87' lang='lat' dir='ltr'><strong>Reff.</strong></span> <span class='ocrx_word' id='word_1_479' title='bbox 167 2517 302 2544; x_wconf 76' lang='lat' dir='ltr'><strong>sentirem</strong></span> <span class='ocrx_word' id='word_1_480' title='bbox 320 2516 357 2544; x_wconf 92' lang='lat' dir='ltr'><strong>D.</strong></span> <span class='ocrx_word' id='word_1_481' title='bbox 376 2516 535 2545; x_wconf 79' lang='lat' dir='ltr'><strong>Francisco</strong></span> <span class='ocrx_word' id='word_1_482' title='bbox 554 2517 588 2544; x_wconf 83' lang='lat' dir='ltr'><strong>de</strong></span> <span class='ocrx_word' id='word_1_483' title='bbox 607 2516 777 2550; x_wconf 79' lang='lat' dir='ltr'><strong>Zabarellis,</strong></span> <span class='ocrx_word' id='word_1_484' title='bbox 813 2517 834 2533; x_wconf 80' lang='lat'><strong>²¹</strong></span> <span class='ocrx_word' id='word_1_485' title='bbox 854 2516 987 2549; x_wconf 66' lang='lat' dir='ltr'><strong>Arzticae,</strong></span> <span class='ocrx_word' id='word_1_486' title='bbox 1007 2524 1054 2551; x_wconf 82' lang='lat' dir='ltr'><strong>per</strong></span> <span class='ocrx_word' id='word_1_487' title='bbox 1074 2516 1100 2543; x_wconf 90' lang='lat' dir='ltr'><strong>lo</strong></span> <span class='ocrx_word' id='word_1_488' title='bbox 1120 2516 1242 2544; x_wconf 87' lang='lat' dir='ltr'><strong>innanzi.</strong></span> <span class='ocrx_word' id='word_1_489' title='bbox 1263 2516 1323 2545; x_wconf 80' lang='lat' dir='ltr'><strong>PM.</strong></span> <span class='ocrx_word' id='word_1_490' title='bbox 1343 2517 1410 2544; x_wconf 73' lang='lat' dir='ltr'><strong>ante</strong></span> <span class='ocrx_word' id='word_1_491' title='bbox 1430 2515 1494 2551; x_wconf 75' lang='lat' dir='ltr'><strong>huc,</strong></span> <span class='ocrx_word' id='word_1_492' title='bbox 1513 2516 1559 2544; x_wconf 72' lang='grc' dir='ltr'><strong>ΒΓ.</strong></span> 
     </span>
     <span class='ocr_line' id='line_1_43' title="bbox 76 2559 978 2596; baseline -0.001 -8"><span class='ocrx_word' id='word_1_493' title='bbox 76 2561 142 2596; x_wconf 76' lang='lat' dir='ltr'><strong>quis</strong></span> <span class='ocrx_word' id='word_1_494' title='bbox 154 2569 204 2596; x_wconf 72' lang='lat' dir='ltr'><strong>eqo</strong></span> <span class='ocrx_word' id='word_1_495' title='bbox 222 2562 256 2588; x_wconf 81' lang='lat' dir='ltr'><strong>ut</strong></span> <span class='ocrx_word' id='word_1_496' title='bbox 268 2560 310 2588; x_wconf 72' lang='lat' dir='ltr'><strong>ita</strong></span> <span class='ocrx_word' id='word_1_497' title='bbox 323 2560 447 2589; x_wconf 74' lang='lat' dir='ltr'><strong>dixerim</strong></span> <span class='ocrx_word' id='word_1_498' title='bbox 459 2569 602 2589; x_wconf 80' lang='lat' dir='ltr'><strong>summam</strong></span> <span class='ocrx_word' id='word_1_499' title='bbox 620 2560 702 2589; x_wconf 79' lang='lat' dir='ltr'><strong>debes</strong></span> <span class='ocrx_word' id='word_1_500' title='bbox 713 2568 782 2596; x_wconf 70' lang='lat' dir='ltr'><strong>aye·</strong></span> <span class='ocrx_word' id='word_1_501' title='bbox 854 2559 978 2588; x_wconf 73' lang='lat' dir='ltr'><strong>antelmo</strong></span> 
     </span>
     <span class='ocr_line' id='line_1_44' title="bbox 76 2604 1052 2640; baseline 0 -8"><span class='ocrx_word' id='word_1_502' title='bbox 76 2613 108 2633; x_wconf 84' lang='lat' dir='ltr'><strong>re</strong></span> <span class='ocrx_word' id='word_1_503' title='bbox 123 2605 250 2640; x_wconf 72' lang='lat' dir='ltr'><strong>qratiam</strong></span> <span class='ocrx_word' id='word_1_504' title='bbox 817 2606 841 2623; x_wconf 73' lang='lat'><strong>²2</strong></span> <span class='ocrx_word' id='word_1_505' title='bbox 861 2604 929 2633; x_wconf 77' lang='lat' dir='ltr'><strong>Reff.</strong></span> <span class='ocrx_word' id='word_1_506' title='bbox 941 2605 1052 2639; x_wconf 79' lang='lat' dir='ltr'><strong>primis</strong></span> 
     </span>
    </p>
   </div>
   <div class='ocr_carea' id='block_1_4' title="bbox 43 2649 290 2684">
    <p class='ocr_par' dir='ltr' id='par_1_14' title="bbox 43 2649 290 2684">
     <span class='ocr_line' id='line_1_45' title="bbox 43 2649 290 2684; baseline 0 -7"><span class='ocrx_word' id='word_1_507' title='bbox 43 2650 64 2667; x_wconf 82' lang='lat'><strong>¹¹</strong></span> <span class='ocrx_word' id='word_1_508' title='bbox 82 2649 128 2677; x_wconf 85' lang='lat' dir='ltr'><strong>Gr.</strong></span> <span class='ocrx_word' id='word_1_509' title='bbox 147 2649 224 2684; x_wconf 77' lang='lat' dir='ltr'><strong>quod</strong></span> <span class='ocrx_word' id='word_1_510' title='bbox 240 2657 290 2684; x_wconf 74' lang='lat' dir='ltr'><strong>eqo</strong></span> 
     </span>
    </p>
   </div>
  </div>
 </body>
</html>
