1845 3076
743 184 881 207 Epis'rots
1530 176 1570 208 59

58 268 92 300 in
112 269 246 307 utroque
267 267 364 298 falsus
377 276 417 298 es.
440 266 521 298 Nam
542 276 644 307 neque
659 277 715 307 ego
732 267 789 299 tibi
804 277 935 307 usquam
955 268 1113 305 dissentio,
1130 277 1188 299 nec
1202 268 1373 308 quidquam
1396 268 1427 299 in
1450 268 1569 299 literis¹

60 325 146 364 meis,
168 327 293 365 praeter
313 327 506 362 consuetum,
535 324 817 364 quotidianumque
839 334 1022 362 sermonem,
1037 328 1090 356 est.
1113 325 1159 356 Tu
1175 325 1297 356 videris.
1318 325 1394 356 Mihi
1410 325 1492 357 enim
1513 325 1573 357 elo-

60 382 192 423 quentia
207 392 268 413 non
284 381 432 419 studium,
446 381 499 412 sed
515 381 612 412 otium
627 391 663 412 ac
674 381 762 421 quies
773 381 946 412 studiorum
963 385 1017 413 est.
1036 382 1111 413 Cum
1130 383 1176 413 his
1191 382 1305 414 litteris
1324 382 1419 413 habes
1432 383 1442 399 ²
1463 382 1573 423 episto-

59 440 133 478 lam,
154 450 248 480 quam
271 438 444 470 florentinis
469 439 574 470 Comes
593 438 739 477 reddidit,
762 439 884 478 primo³
912 439 1072 477 incultam,
1095 439 1207 470 deinde
1232 440 1408 477 demissam,
1436 442 1468 471 et
1489 450 1571 480 quae

62 507 175 537 magno
196 496 330 536 principi
342 496 351 513 ⁴
373 506 485 536 parum
506 496 680 533 conveniat,
697 496 753 526 nisi
769 496 848 527 forte
863 496 1020 527 desectum
1043 496 1124 527 hunc
1139 497 1170 527 in
1192 497 1374 528 tabellarios
1388 498 1571 528 reseramus.

57 554 94 585 In
108 564 170 594 quo
186 553 276 584 facile
301 553 518 590 animadverti,
538 553 579 584 ad
600 553 796 584 dominorum
818 553 912 584 decus
933 564 969 584 ac
990 554 1187 593 majestatem
1210 553 1381 593 plurimum
1407 555 1574 594 scriptores

57 621 126 642 suos
148 611 296 642 momenti
317 611 443 642 habere.
466 611 514 642 Ab
530 610 591 641 illis
606 610 713 650 itaque
729 621 799 641 cum
813 610 972 641 incondita
988 611 1254 651 incompositaque
1270 611 1413 648 venisset,
1428 621 1574 651 perverse

59 671 268 708 corrupteque
279 669 503 708 transcriptam
518 678 586 699 eam
602 668 710 704 habui,
722 671 757 698 ut
769 668 910 699 divinare
923 668 1028 708 magis,
1041 678 1135 708 quam
1149 668 1252 707 legere
1264 678 1341 707 opus
1354 669 1429 699 mihi
1446 669 1540 700 suerit
1552 670 1571 700 ⁵.

60 726 173 766 Itaque
195 726 241 756 ita
261 736 317 766 ego
339 736 407 757 eam
421 725 612 765 transcripsi.
628 725 767 765 Impetus
782 725 843 756 fuit
856 726 1004 765 scriptam
1020 725 1209 762 dilacerare;
1225 725 1289 763 sed,
1311 736 1350 756 ne
1375 736 1491 757 morem
1514 726 1573 757 tibi

57 793 173 824 parum
199 782 306 814 sedulo
326 786 447 823 gestum
468 783 620 820 crederes,
649 782 688 814 ad
711 785 741 813 te
764 783 845 813 hanc
873 783 951 813 misi.
981 782 1139 813 Plurimae
1162 793 1198 813 ac
1219 782 1544 823 magnificentissimae
1562 784 1573 801 ⁶

57 843 131 872 sunt
152 840 224 871 hic⁷
245 840 415 881 legationes
436 841 642 880 imperatoris,
666 850 775 880 papae,
792 841 873 880 regis
896 840 1062 880 Ungariae,
1078 841 1157 880 regis
1184 839 1345 877 Franciae,
1367 841 1447 880 regis
1470 840 1573 881 Cypri,

59 898 322 933 Florentinorum,
344 897 593 935 Bononiensium,
615 897 730 928 domini
745 898 906 934 Mantuae,
924 900 955 928 et
970 897 1160 928 marchionis
1181 897 1354 934 Ferrariae,
1376 908 1455 937 quas
1467 907 1574 929 omnes

50 956 196 997 princeps
214 955 360 986 comitate
376 965 412 985 ac
425 954 616 986 liberalitate
627 965 684 985 sua
696 955 832 994 plurima
846 956 1054 995 prosequitur.
1078 955 1246 986 Decretum
1264 958 1311 986 est
1326 955 1411 995 apud
1427 955 1510 986 hunc
1526 966 1576 995 po-

58 1014 168 1055 pulum
187 1014 206 1051 ⁸,
228 1016 264 1044 ut
278 1013 411 1044 trecenti
431 1012 551 1052 equites
573 1015 603 1043 et
626 1012 753 1044 ducenti
774 1013 929 1044 balistarii
941 1014 952 1029 ¹¹
972 1013 1004 1043 in
1029 1013 1186 1052 stipendia
1206 1012 1429 1044 conducantur.
1454 1012 1573 1050 Quibus

60 1082 98 1103 ex
119 1074 279 1102 menstruo
292 1071 312 1088 ¹⁰
332 1070 462 1108 tributo,
485 1070 694 1110 undequaque
716 1080 735 1101 a
750 1070 868 1101 civibus
889 1070 1012 1107 collato,
1034 1070 1176 1101 satisfiat.
1202 1069 1272 1101 Non
1296 1080 1414 1107 vereor,
1436 1080 1474 1100 ne
1496 1070 1572 1110 quid

55 1129 133 1161 mihi
144 1128 285 1169 periculi,
298 1138 336 1159 ex
348 1128 395 1159 his
406 1139 486 1168 quae
503 1128 544 1158 ad
559 1130 590 1159 te
602 1128 713 1165 scribo,
735 1128 875 1159 accidere
892 1129 997 1168 possit,
1018 1131 1186 1168 propterea
1200 1127 1284 1167 quod
1295 1127 1373 1158 nihil
1387 1138 1406 1158 a
1422 1137 1470 1158 me
1482 1127 1574 1159 audis

55 1186 115 1218 nisi
141 1186 223 1226 quod
251 1186 343 1227 vulgo
363 1186 521 1225 cognitum
543 1188 599 1222 est,
629 1188 661 1216 et
692 1188 727 1216 tu
758 1186 783 1216 is
805 1196 837 1217 es
859 1186 890 1216 in
912 1196 1006 1225 quem
1034 1186 1113 1216 nulli
1145 1186 1279 1217 conferri
1308 1185 1440 1225 suspicio
1460 1185 1564 1225 possit.

55 1243 196 1281 Gaudeo,
209 1246 240 1275 te
255 1244 401 1284 sospitem
423 1243 541 1274 venisse
563 1243 720 1280 Venetias,
737 1243 831 1283 idque
844 1244 863 1260 ¹¹
887 1243 968 1275 bona
989 1253 1083 1274 causa
1094 1243 1220 1275 factum.
1245 1243 1463 1281 Quamobrem,
1479 1244 1504 1274 si
1520 1253 1572 1283 pa-

57 1301 155 1333 scales
170 1311 254 1333 nunc
275 1302 451 1332 vacationes
473 1301 638 1338 instarent,
666 1304 721 1332 aut
745 1300 882 1332 interdiu
902 1304 1026 1341 tempus
1048 1301 1157 1338 ullum,
1185 1311 1246 1341 quo
1269 1311 1287 1332 a
1311 1300 1423 1332 scholis
1441 1301 1462 1318 ¹²
1478 1301 1572 1332 absti-

54 1361 195 1396 neretur,
217 1362 405 1395 occurreret,
426 1359 564 1390 venirem
578 1358 663 1395 illuc,
680 1362 715 1389 ut
731 1362 760 1389 tc
776 1358 925 1396 viderem,
947 1369 1039 1398 quem
1054 1358 1174 1390 dudum
1189 1369 1251 1390 non
1267 1358 1339 1389 vidi.
1360 1358 1420 1390 Sed
1433 1359 1504 1395 scio,
1518 1369 1569 1390 me

58 1416 212 1447 nullam¹³
233 1416 354 1448 veniam
375 1417 619 1456 impetraturum
642 1426 715 1454 esse,
737 1416 762 1447 si
785 1419 815 1447 te
837 1427 920 1447 nunc
941 1417 1062 1447 adeam.
1084 1416 1210 1447 Interea
1232 1416 1331 1447 scribe
1354 1416 1493 1456 aliquid:
1515 1426 1573 1456 ego

54 1473 162 1505 sedulo
184 1474 327 1505 scribam.
349 1473 435 1505 Vale.

778 1679 840 1711 XL.

731 1773 759 1804 S.
781 1773 810 1804 d.
833 1783 858 1804 e.
880 1773 899 1803 i.

259 1849 367 1884 (Bnp.
383 1849 422 1877 50
438 1851 458 1878 t.
475 1857 489 1876 e
503 1849 562 1882 S5;
580 1865 606 1868 -
621 1848 798 1884 1110114148
814 1849 823 1875 t
841 1857 850 1882 ,·
870 1865 895 1867 ἡ
910 1847 982 1876 PM.
995 1856 1017 1876 c.
1034 1848 1089 1875 115
1100 1856 1108 1881 ,·
1121 1864 1148 1867 -
1166 1847 1362 1883 PP.oz.111.)

136 1919 248 1951 Fecisti
269 1929 325 1960 pro
347 1930 397 1950 me
409 1919 430 1936 ¹⁴
452 1919 483 1950 in
506 1922 641 1959 utraque
656 1929 699 1956 re,
714 1919 756 1949 mi
773 1918 880 1956 frater,
895 1918 1052 1959 diligentis
1074 1918 1207 1949 hominis
1227 1917 1359 1949 officium
1372 1918 1403 1955 ¹³,
1419 1918 1481 1948 sive
1496 1927 1566 1948 cum

59 1980 179 2018 patrem
208 1987 322 2014 meum,
357 1987 451 2017 quem
480 1979 570 2007 tuum
597 1986 722 2016 quoque
757 1976 940 2016 appellabas
967 1976 1132 2014 viventem,
1167 1978 1258 2007 tanta
1287 1975 1405 2015 pietate
1438 1974 1571 2012 coluisti,

54 2038 206 2074 quantam
235 2045 274 2065 ne
295 2035 360 2074 ipse
383 2034 510 2074 quidem
532 2034 649 2065 filius¹G
670 2034 793 2074 assequi
823 2034 974 2073 potuisset
985 2034 1016 2071 ¹⁷,
1039 2034 1102 2065 sive
1129 2034 1194 2064 vita
1223 2033 1405 2064 defunctum
1428 2032 1574 2063 celeriter

64 2127 71 2144 ¹
93 2127 138 2155 Br.
159 2135 185 2162 p.
205 2127 239 2155 74
262 2128 281 2155 t.
308 2127 478 2162 qnisqmmu
507 2127 580 2162 negii
593 2145 597 2149 ·
610 2126 675 2154 altri
704 2126 790 2154 codici
839 2128 849 2142 ἓ
869 2127 928 2154 PM.
950 2126 1025 2154 dice:
1041 2137 1055 2152 «
1070 2134 1112 2155 sc:
1127 2126 1301 2161 patarinum
1317 2138 1340 2159 »,
1360 2134 1373 2153 e
1393 2127 1449 2153 cosi
1470 2126 1515 2152 Gr.

86 2171 227 2206 quidquid
844 2172 854 2187 ς’
877 2170 934 2199 I‘M.
954 2170 1127 2200 Imllistarizss;
1149 2170 1193 2198 Gr.
1211 2170 1360 2203 strrlisi‘arii

66 2217 76 2233 ²
96 2216 151 2244 ΡΙ).
171 2224 253 2244 senza
273 2216 380 2249 (iterim
400 2215 447 2244 Gr.
472 2224 553 2243 senza
577 2215 669 2249 hahes,
695 2216 722 2243 10
743 2224 795 2250 ag·
832 2216 853 2232 ¹0
873 2215 957 2249 lhxp.
972 2215 1038 2243 741.
1061 2223 1259 2248 mensn›·no;e
1274 2216 1331 2241 cosi
1346 2214 1392 2241 Gr.
1406 2213 1434 2240 in
1450 2213 1575 2249 margine

89 2259 192 2296 giunge
211 2261 240 2288 in
261 2261 385 2297 margine
830 2261 849 2277 ¹¹
870 2261 914 2288 Br.
935 2268 960 2295 p.
982 2260 1015 2288 74
1035 2262 1054 2288 t.
1075 2268 1088 2287 e
1108 2260 1176 2288 Rvss'.
1196 2261 1281 2293 (ermae

64 2305 74 2322 ³
93 2305 147 2339 Br„
166 2305 227 2333 PM.
247 2313 260 2333 e
281 2305 336 2333 PP.
349 2305 482 2340 primum
833 2306 852 2322 ¹2
873 2305 917 2333 ΒΓ.
938 2313 964 2340 p.
985 2305 1019 2332 74
1037 2306 1067 2339 t„
1088 2304 1148 2332 PM.
1170 2313 1184 2332 e
1205 2304 1258 2332 Pr.
1278 2303 1395 2336 schola,¹
1418 2311 1431 2331 e
1452 2304 1507 2330 cosi
1528 2301 1574 2330 Gr.

64 2349 74 2366 ⁴
93 2349 139 2378 Gr.
159 2351 242 2378 nota:
265 2361 278 2374 «
292 2349 345 2377 Hic
364 2352 406 2377 est
429 2349 554 2377 ‚Joannes
574 2349 727 2383 Galeatius,
751 2349 795 2377 vi·
866 2348 894 2376 in
914 2348 1039 2384 margine

89 2402 217 2430 cecomes,
237 2402 327 2422 comes
346 2394 482 2422 virtutum
502 2395 529 2422 et
551 2393 795 2422 mediolanensium
832 2394 852 2410 ¹³³
872 2393 927 2427 Biz,
947 2394 1002 2425 Gr..
1022 2393 1082 2421 PM.
1102 2402 1115 2421 e
1136 2393 1191 2421 PP.
1211 2393 1269 2420 scio
1288 2392 1401 2419 nullam

87 2438 251 2473 principum,
270 2438 317 2473 qui
331 2440 426 2474 postea
447 2439 501 2466 dux
516 2438 666 2466 Mediolani
681 2440 790 2466 creatus
828 2438 849 2455 ¹¹
870 2438 914 2466 Br.
935 2438 968 2465 85
982 2447 1039 2473 pro
1058 2446 1109 2471 wc,
1130 2438 1167 2465 mi
1188 2438 1291 2471 frater,

86 2485 128 2511 est
141 2494 164 2512 ».
828 2483 850 2500 ¹⁵
869 2482 921 2509 Nei
941 2482 1027 2510 codici
1048 2481 1175 2515 officium
1194 2480 1423 2516 seqzcut1132PM.
1439 2483 1505 2508 nota
1524 2480 1575 2508 che

63 2527 74 2545 ⁵
92 2527 138 2556 Br.
158 2535 183 2562 p.
202 2527 227 2562 3,
247 2527 302 2562 Gr„
322 2527 383 2556 PM.
404 2536 417 2556 e
437 2527 492 2555 PP.
512 2528 597 2562 atqzce
616 2528 656 2555 ita
867 2534 902 2553 1111
922 2526 1015 2554 codice
1034 2526 1071 2554 ha
1089 2527 1140 2554 Ιιοε
1160 2525 1286 2559 officium

65 2571 76 2588 ⁶
96 2570 141 2599 Gr.
161 2571 333 2607 maynz‘ficae
825 2572 846 2589 ¹6
865 2571 897 2599 R.
917 2580 930 2596 f·
952 2572 1011 2600 PM.
1032 2571 1059 2599 in
1081 2571 1206 2608 margine
1225 2570 1313 2599 salcis
1331 2579 1379 2606 pei·
1398 2571 1480 2604 filius

65 2616 76 2633 ⁷
95 2614 141 2644 Gr.
155 2616 220 2644 nota
234 2616 305 2650 dopo
320 2616 381 2644 laic:
399 2627 412 2641 «
426 2615 536 2644 Patavii
550 2616 623 2651 apud
637 2616 789 2651 principem
829 2616 848 2633 ¹⁷
871 2616 924 2644 PP.
939 2618 1097 2650 potuissem

87 2668 285 2688 carrariensem
299 2672 322 2688 ».
