1845 3076
240 131 279 162 16
868 141 894 163 P.
916 140 942 163 P.
964 139 1113 164 VERGEmo

235 221 280 253 Ut
293 224 401 253 autem
420 222 463 253 ad
485 225 518 253 te
533 222 669 261 redeam,
691 232 753 254 non
769 222 886 255 sufficio
901 223 1016 255 laetari
1036 225 1191 264 quantum
1211 224 1314 262 velim,
1334 235 1371 256 ac
1385 227 1511 257 tantum
1527 226 1641 258 doloris
1658 228 1748 268 caepi

236 279 321 319 quod
341 289 404 310 non
426 279 536 317 audeo,
557 279 617 310 nisi
629 280 717 319 prius
737 282 769 311 te
792 280 908 318 videro,
929 280 1022 321 plene
1046 281 1168 312 laetari.
1191 281 1238 312 Tu
1253 282 1484 314 existimatione
1505 293 1576 315 mea
1588 293 1651 315 non
1665 284 1747 317 alius

236 345 268 367 es
282 345 379 375 quam
398 336 424 366 si
444 339 586 367 mortuus
605 337 785 375 revixisses;
801 338 809 354 ¹
830 337 973 369 redditus
994 348 1026 369 es
1046 338 1123 369 mihi
1144 348 1237 379 quem
1259 339 1396 370 amisisse
1421 340 1626 372 credideram.
1648 340 1746 381 Spero

235 392 319 424 enim
340 393 444 424 adhuc
463 393 614 433 plurimos
633 396 738 425 tecum
755 395 910 435 jucundos
931 395 996 426 dies
1018 395 1151 436 exigere,
1181 398 1222 434 et,
1243 396 1269 427 si
1288 399 1422 437 uterque
1447 397 1627 435 vixerimus,
1649 408 1746 438 quam

235 449 407 481 maximam
421 452 545 490 partem
565 451 648 482 vitae
662 451 755 482 simul
768 462 881 492 agere..
893 451 982 491 Quod
1002 453 1027 483 si
1041 462 1103 483 non
1123 453 1289 494 contigerit
1309 454 1329 490 ²,
1351 456 1383 484 et
1395 454 1551 492 absentes,
1572 457 1604 486 et
1618 456 1745 493 mortui,

232 507 259 537 si
279 507 349 547 quis
371 507 430 539 erit
450 507 664 548 hujuscemodi
685 519 791 540 rerum
805 519 922 547 sensus,
943 510 1082 541 amicitia
1095 510 1302 550 perfruemur.
1325 510 1466 542 Nimium
1480 512 1564 543 enim
1590 512 1746 552 impotens

233 564 282 595 sui
304 566 361 602 est,
383 565 446 605 qui,
467 565 493 595 si
513 564 592 596 nihil
611 565 644 596 in
664 567 764 598 amico
783 569 910 607 praeter
929 567 1079 598 virtutem
1100 570 1195 606 amat,
1222 577 1285 598 non
1312 577 1413 608 aeque
1440 570 1543 608 potest
1572 569 1745 607 absentem,

233 620 283 652 vel
304 621 359 661 qui
376 621 444 662 jam
464 621 530 653 vita
549 623 724 660 excesserit,
757 624 918 664 utsscoram
938 624 1074 664 positum
1095 624 1223 656 intueri.
1243 624 1309 665 Ego
1330 625 1423 663 enim,
1450 626 1534 666 quod
1554 626 1692 658 amisisse
1712 628 1746 658 te

232 678 361 716 credidi,
382 679 477 710 didici
497 689 559 719 quo
578 680 683 712 animo
703 690 811 712 carere
830 683 863 712 te
885 691 1014 721 possem,
1036 691 1098 722 quo
1119 682 1215 713 etiam
1234 682 1419 722 parentibus
1453 685 1484 714 et
1504 693 1555 714 me
1575 683 1651 724 ipso.
1673 682 1745 715 Non

231 745 328 775 parvo
342 735 450 776 itaque
464 736 623 769 commodo
637 747 706 768 meo
719 737 822 768 adfuit
835 738 886 768 hic
900 737 997 769 falsus
1011 749 1127 776 rumor,
1141 749 1203 779 quo
1218 739 1345 770 edoctus
1358 748 1427 770 sum
1442 742 1575 771 mortem
1585 741 1747 780 vitamque

232 792 353 832 pariter
369 793 462 833 juxta
483 803 610 833 ponere,
630 796 666 825 ut
680 804 758 826 neve
778 795 860 826 hanc
880 795 1011 826 nimium
1025 798 1131 836 optem
1151 796 1238 833 mihi,
1258 798 1314 827 aut
1331 806 1472 828 summae
1486 797 1656 837 voluptatis
1678 797 1746 829 loco

230 850 265 881 in
285 850 392 881 amicis
412 850 546 882 habeam
560 851 581 888 3,
609 861 686 883 neve
712 854 769 883 aut
788 852 931 883 futurum
952 853 1090 890 timeam,
1117 855 1174 884 aut
1194 853 1227 883 in
1247 854 1361 884 nostris
1381 854 1589 894 praeteritum
1610 855 1744 886 doleam.

231 905 321 946 Quod
341 908 367 938 si
388 917 446 946 me,
468 918 581 948 parum
601 908 691 940 solidi
712 909 818 947 animi,
839 919 910 940 cum
932 912 964 941 et
985 912 1099 948 aetate,
1120 912 1189 941 tum
1210 913 1242 941 et
1262 910 1447 942 infirmitate
1462 911 1588 943 virtutis
1606 911 1744 944 diffiden-

233 967 297 996 tem
319 964 340 1002 ⁴,
370 975 433 996 non
454 965 643 1005 retraherer,
667 969 848 998 constanter
867 967 982 1007 pacisci
1004 967 1163 1005 auderem,
1186 967 1309 999 nullum
1337 978 1386 999 me
1411 968 1567 1009 deinceps,
1593 971 1625 1000 et
1646 969 1750 1010 cujus-

228 1032 362 1062 cumque
383 1025 493 1060 morte,
514 1023 653 1054 dolorem
668 1026 895 1063 suscepturum,
917 1027 973 1055 aut
993 1025 1140 1056 muliebri
1161 1035 1245 1057 more
1267 1025 1412 1058 lacrimas
1434 1036 1625 1066 sparsurum.
1648 1025 1743 1064 Quid-

231 1079 309 1119 quid
329 1082 435 1110 tamen
457 1081 647 1118 successerit,
679 1091 735 1121 ego
757 1081 883 1119 curabo,
915 1084 951 1112 ut
971 1082 1044 1113 talis
1064 1082 1183 1114 habear
1214 1082 1339 1123 qualem
1361 1093 1426 1114 esse
1448 1084 1548 1124 cupio.
1571 1084 1623 1115 Me
1643 1084 1744 1115 videri

229 1146 293 1167 non
322 1137 412 1177 cupio
435 1137 446 1153 ⁵
476 1137 536 1167 nisi
556 1137 610 1177 qui
632 1138 643 1153 ⁶
673 1148 744 1170 vere
767 1149 843 1170 sum.
873 1138 1040 1170 Caeterum
1068 1142 1104 1170 tu
1131 1142 1242 1171 cautus
1264 1142 1338 1178 esto,
1371 1143 1403 1171 et
1422 1141 1517 1172 saluti
1537 1143 1612 1173 tuae
1633 1151 1743 1172 curam

229 1194 353 1225 adhibe.
376 1194 432 1225 Cui
453 1195 536 1225 enim
558 1197 715 1235 parcetur,
736 1196 762 1226 si
782 1199 814 1227 et
835 1197 979 1227 sacerdos
1000 1200 1031 1228 et
1052 1197 1175 1237 legatus
1196 1200 1228 1228 et
1248 1198 1375 1237 praesul
1396 1200 1436 1235 et,
1464 1199 1546 1238 quod
1568 1199 1666 1239 magis
1689 1202 1744 1236 est,

225 1251 374 1283 innocens
395 1251 538 1283 violentis
559 1253 704 1284 manibus
726 1253 844 1293 periit?
867 1253 954 1285 Vale.

942 1562 1022 1593 XIV.

541 1683 763 1715 SANCTO
804 1683 871 1714 DE
913 1684 1277 1716 PEREGRINIS
1319 1686 1347 1717 S.
1392 1686 1426 1716 D.

704 1767 832 1796 PADUAE,
853 1767 906 1790 xri
929 1768 996 1791 ΚΑΒ.
1018 1769 1147 1791 MARTiAs
1170 1761 1256 1792 1395.

569 1834 634 1870 (Br.
650 1843 681 1869 21-
706 1836 745 1862 73
768 1837 805 1869 t.,·
832 1852 867 1856 —
892 1835 962 1863 PM.
985 1846 1007 1864 c.
1031 1835 1108 1869 135;
1133 1852 1167 1856 —
1193 1836 1255 1865 ΡΡ.
1278 1845 1306 1864 n.
1328 1837 1390 1872 28.)

304 1923 382 1954 Cum
396 1923 561 1961 audissem,
582 1934 644 1954 non
660 1925 828 1954 venturum
842 1923 983 1955 Paduam
997 1924 1223 1964 patriarcham,
1239 1924 1322 1956 illico
1337 1925 1486 1957 Venetias
1500 1926 1580 1964 veni,
1603 1927 1737 1966 acceptis

223 1990 346 2012 mecum
366 1980 466 2012 literis
486 1981 526 2012 ab
548 1981 606 2017 his,
625 1991 758 2021 quorum
780 1981 929 2012 virtutem
951 1981 1038 2022 diligi
1054 1983 1085 2012 et
1099 1982 1322 2013 auctoritatem
1338 1982 1510 2022 plurimum
1523 1983 1628 2015 valere
1649 1983 1734 2024 apud

224 2048 295 2069 eum
317 2038 536 2069 existimarem.
553 2038 593 2069 Et
612 2038 744 2069 adhibui
766 2038 893 2078 quidem
913 2041 950 2070 ut
968 2039 1001 2069 in
1022 2049 1056 2070 re
1070 2039 1091 2077 ⁷,
1113 2050 1209 2079 quam
1224 2049 1415 2081 magnopere
1437 2039 1656 2079 desiderarem,
1678 2041 1735 2073 sol-

221 2095 426 2133 licitudinem,
448 2098 484 2126 ut
514 2096 546 2126 in
567 2105 602 2126 re
623 2105 704 2133 vero,
726 2105 807 2135 quae
828 2095 897 2126 dari
918 2106 938 2127 a
957 2096 1151 2137 principibus
1171 2107 1233 2128 non
1261 2097 1327 2137 peti
1354 2097 1469 2129 debeat
1492 2098 1512 2136 8,
1540 2098 1733 2130 modestiam.

222 2152 388 2184 Praeclare
412 2155 444 2184 te
461 2153 528 2194 jam
553 2153 648 2190 novit,
674 2155 740 2184 tam
765 2153 897 2185 celebris
920 2153 968 2184 illi
994 2154 1032 2185 de
1054 2155 1149 2186 rebus
1170 2155 1233 2186 tuis
1254 2154 1340 2186 facta
1360 2155 1474 2186 relatio
1495 2157 1549 2187 est.
1582 2156 1646 2196 Ego
1666 2156 1732 2196 ipse

221 2219 326 2241 coram
340 2210 490 2251 loquutus
505 2220 584 2248 sum,
598 2220 713 2252 magna
735 2212 767 2241 et
787 2211 962 2242 umanitate
984 2214 1015 2243 et
1035 2212 1210 2244 attentione
1231 2212 1365 2244 auditus.
1388 2212 1514 2244 Nemini
1535 2222 1573 2244 ex
1587 2223 1731 2254 praesen-

219 2267 314 2306 tibus,
336 2277 413 2308 quos
440 2267 590 2308 plurimos
611 2277 768 2306 noveram,
795 2278 862 2299 rem
877 2278 972 2300 ausus
992 2279 1061 2300 sum
1081 2279 1232 2308 reserare,
1263 2272 1405 2302 metuens
1438 2280 1478 2302 ne
1498 2270 1579 2302 forte
1601 2270 1731 2302 consilia

219 2327 326 2356 nostra
345 2326 563 2366 praeriperent
577 2326 596 2357 ⁰.
617 2325 686 2366 Ipse
707 2335 780 2358 vero
799 2327 978 2367 recognovit
999 2337 1049 2358 me
1070 2328 1222 2367 protinus,
1243 2338 1306 2359 non
1328 2327 1456 2368 quidem
1477 2328 1671 2366 nominatim,
1692 2330 1730 2359 ut

227 2428 236 2444 ¹
256 2427 311 2455 ΡΡ.
331 2427 468 2456 7·evi.rlsse
1002 2432 1013 2447 ὓ
1032 2429 1087 2458 ΡΡ.
1106 2430 1163 2458 nisi
1176 2430 1254 2465 quod

225 2473 237 2490 ²
255 2471 310 2499 ΡΡ.
330 2471 503 2507 eontinyerz‘t
1002 2475 1012 2492 ⁷
1032 2474 1085 2502 ΡΡ.
1105 2483 1166 2503 rem

224 2516 235 2534 ³
253 2515 308 2544 ΡΡ.
327 2523 383 2543 non
403 2517 439 2544 ha
457 2517 576 2545 habeam
1002 2520 1012 2536 s
1031 2519 1077 2547 ΒΥ.
1097 2528 1110 2546 e
1130 2520 1184 2547 ΡΡ.
1204 2519 1305 2547 dehent

224 2560 234 2577 4
255 2559 309 2587 ΡΡ.
329 2559 493 2593 diffidentia
1003 2566 1013 2581 ⁹
1033 2564 1086 2592 ΡΡ.
1099 2565 1280 2599 perciperent

224 2605 236 2621 ⁵
254 2603 309 2632 ΡΡ.
327 2604 410 2640 cupio
428 2614 472 2634 me
489 2607 581 2635 videri
