1845 3076
713 173 849 197 armon:
1508 163 1526 194 7

28 262 137 291 texere
154 259 173 296 ¹,
197 267 333 298 quarum
352 267 413 289 non
435 259 480 288 est
495 257 630 297 ignarus,
644 259 700 288 aut
714 257 739 288 si
754 257 886 297 populus
897 257 951 288 ille
963 256 1087 288 Patriae
1103 256 1274 296 principem
1290 255 1484 286 dissimulare
1495 264 1528 286 se

28 315 112 347 volet
127 316 147 353 ²,
162 324 223 347 non
237 314 282 345 ita
301 323 350 345 res
371 313 480 351 abibit,
500 313 554 345 sed
570 315 625 345 aut
639 313 721 345 bello
736 316 792 344 aut
805 313 895 354 longe
909 313 1137 345 conditionibus
1154 313 1165 330 ³
1186 312 1314 344 diversis
1327 311 1526 352 transigetur.

28 371 154 412 Reliqui
166 370 282 412 populi,
292 372 328 402 ut
342 370 456 410 accepi,
469 370 629 401 dominum
644 369 832 401 Ludovicum
847 370 957 401 ducem
971 370 1066 408 Dech,
1088 370 1142 410 qui
1156 369 1330 401 studiorum
1352 369 1455 410 gratia
1476 368 1526 399 hic

30 429 105 469 agit,
126 428 185 460 sibi
198 427 458 468 deprecabantur,
478 426 572 467 idque
593 427 705 458 obnixe
725 437 782 467 per
801 436 870 458 suos
890 427 1008 467 legatos
1030 437 1049 458 a
1069 436 1188 458 summo
1202 425 1348 466 pontifice
1373 425 1526 457 desidera-

29 489 152 517 verunt.
173 485 209 516 In
230 484 278 515 his
298 484 460 524 postremis
473 483 615 524 partibus
637 493 697 515 non
718 486 842 514 tantum
856 484 976 515 timoris
996 483 1006 500 ⁴
1027 486 1084 514 aut
1103 483 1233 523 periculi
1252 486 1356 514 statuo
1371 485 1525 523 quantum

28 542 62 573 in
75 541 145 579 illis,
167 542 330 581 minusque
345 541 356 558 ⁵
375 541 421 572 his
437 540 582 580 pertinax
597 540 784 571 desiderium
799 540 890 571 credo
907 540 1057 577 futurum,
1078 540 1162 580 quod
1175 550 1236 571 non
1251 540 1373 580 privata
1393 539 1527 571 caritate

27 599 82 630 sed
107 598 242 639 publica,
273 608 354 638 quae
374 597 511 629 secunda
530 597 541 614 ⁶
572 606 637 629 esse
657 597 799 628 omnibus
830 607 867 628 ac
887 597 1037 637 posterior
1057 596 1143 635 solet,
1172 607 1228 636 pro
1250 597 1330 627 bono
1352 597 1472 636 patriae
1494 599 1526 628 et

27 655 133 696 quiete
153 655 340 696 populorum
360 654 592 686 contenderent.
625 654 698 684 Dixi
713 653 866 694 judicium
888 664 1010 691 meum;
1043 654 1074 684 in
1095 653 1206 684 melius
1238 663 1286 684 res
1308 655 1411 684 vertat
1432 653 1524 684 Deus.

27 711 91 752 Ego
113 712 239 753 quidem
260 722 330 744 cum
351 711 491 749 caeteris,
522 721 712 752 quamqualn
734 711 774 742 ad
796 721 845 742 me
866 721 978 751 parum
999 711 1077 742 haec
1096 712 1246 751 spectent,
1273 710 1391 741 exitum
1411 710 1526 741 tacitus

24 769 148 809 operiar
162 769 180 801 ⁷.
203 769 251 800 Tu
271 769 348 800 vale.

742 1067 809 1099 VII.

203 1209 430 1242 FRANCISCO
451 1209 715 1240 ZABARELLAE
739 1208 965 1240 CARDINALI
986 1208 1245 1241 FLORENTINO
1266 1208 1293 1241 S.
1316 1210 1352 1241 D.

500 1292 694 1321 strmopom,
714 1291 764 1314 D1E
784 1284 821 1314 21
833 1284 844 1300 ²³
863 1292 943 1314 JUNH
966 1283 1052 1315 1411.

69 1361 135 1397 (Br.
148 1369 180 1396 p.
199 1360 237 1388 48
257 1361 275 1389 t.
294 1368 309 1389 e
326 1360 385 1393 81,·
401 1376 428 1380 -
443 1359 529 1387 Ram.
541 1367 573 1393 p.
593 1359 629 1386 45
649 1360 687 1392 t.;
702 1376 734 1380 —
752 1358 803 1386 Gr.
823 1367 846 1386 c.
864 1359 922 1387 103
942 1360 972 1392 t.;
988 1376 1016 1379 —
1032 1359 1102 1386 PM.
1121 1367 1142 1387 c.
1162 1360 1235 1393 111‚·
1249 1377 1280 1380 —
1294 1360 1357 1388 ΡΡ.
1377 1369 1404 1388 n.
1423 1361 1484 1396 88.)

103 1447 255 1479 Auditum
276 1449 322 1478 est
343 1445 427 1486 apud
443 1455 497 1477 nos
516 1446 638 1485 nuper⁹
658 1445 697 1476 de
716 1448 773 1476 tua
786 1445 989 1485 promotione,
1009 1456 1073 1486 qua
1087 1446 1126 1477 de
1141 1445 1306 1477 florentino
1328 1447 1469 1488 episcopo
1482 1448 1523 1479 ad

24 1505 183 1537 Romanae
202 1503 358 1535 Ecclesiae
377 1502 608 1534 cardinalatum
620 1502 792 1533 translatus
805 1512 846 1540 es,
861 1513 932 1534 cum
946 1513 1060 1543 magna
1079 1503 1133 1543 qui
1153 1505 1185 1534 te
1198 1505 1350 1534 noverant
1365 1504 1386 1521 ¹⁰
1408 1504 1527 1536 exulta-

21 1562 116 1594 tione.
136 1560 228 1599 Nam,
248 1563 284 1592 ut
303 1560 393 1600 longe
413 1560 541 1600 lateque
561 1559 694 1590 nosceris
715 1562 769 1590 tuo
790 1559 911 1597 merito,
924 1559 971 1591 ita
990 1560 1052 1591 tuis
1073 1559 1243 1591 honoribus
1255 1560 1361 1592 favent
1372 1561 1392 1578 ¹¹
1408 1571 1523 1594 omnes.

22 1618 83 1651 Sed
104 1621 136 1651 et
164 1618 241 1649 mihi
260 1627 383 1658 quoque
412 1617 555 1657 plerique
575 1616 632 1647 hoc
652 1616 776 1647 nomine
798 1616 1007 1657 congratulati
1027 1619 1108 1654 sunt,
1137 1619 1289 1657 tanquam
1309 1628 1348 1649 ex
1375 1619 1522 1657 amicitia,

22 1686 119 1716 quam
132 1675 278 1707 audirent
287 1675 371 1705 inter
386 1684 440 1706 nos
453 1683 527 1711 esse,
541 1684 603 1705 non
615 1674 743 1704 minima
754 1683 826 1713 pars
837 1674 929 1714 hujus
940 1673 1060 1705 letitiae
1071 1674 1227 1714 pertinere
1239 1675 1280 1706 ad
1291 1685 1340 1706 me
1351 1675 1483 1708 deberet
1494 1677 1525 1708 ¹².

25 1733 66 1764 Et
85 1733 112 1764 si
133 1732 184 1764 cui
203 1742 278 1764 sane
298 1731 497 1772 gaudendum
519 1734 574 1768 est,
605 1731 711 1762 amicis
730 1730 868 1770 profecto
888 1741 925 1762 ac
946 1731 1124 1762 necessariis
1149 1732 1211 1762 tuis
1231 1733 1359 1772 propria
1380 1736 1426 1765 est
1447 1733 1525 1765 haec

23 1790 155 1827 laetitia,
176 1789 260 1829 quod
277 1789 298 1806 ¹³
317 1799 432 1829 magna
444 1791 592 1828 certaque
612 1788 713 1828 posita
732 1788 765 1818 in
786 1791 818 1819 te
838 1788 965 1819 videant
978 1788 1060 1820 vitae
1081 1798 1156 1820 suae
1169 1789 1325 1829 praesidia
1339 1792 1372 1821 et
1385 1800 1442 1822 sua
1455 1801 1527 1822 cum

22 1857 78 1888 spe
102 1848 197 1878 aucta
209 1846 448 1886 promotionum.
469 1845 540 1877 Tibi
552 1855 634 1882 vero,
655 1848 691 1876 ut
704 1855 760 1876 nec
774 1845 964 1876 recusandus
984 1848 1053 1876 erat
1073 1846 1123 1877 ln'c
1136 1846 1234 1877 honor
1253 1847 1386 1884 oblatus,
1406 1848 1452 1879 ita
1467 1859 1525 1880 nec

23 1903 179 1944 optandus
195 1903 325 1934 forsitan
339 1913 410 1933 cum
424 1902 553 1933 abesset.
570 1902 635 1933 Etsi
650 1902 733 1933 enim
748 1904 869 1933 certum
884 1904 939 1939 est,
955 1912 1110 1933 summum
1123 1903 1312 1943 pontificem,
1325 1905 1380 1944 qui
1393 1905 1524 1946 hujusce

24 1961 70 1993 rei
89 1962 276 2001 potestatem
305 1959 387 1990 solus
407 1959 513 1996 habet,
543 1959 608 1990 sola
628 1958 772 1998 opinione
793 1959 917 1990 viltutis
938 1962 1021 1996 tuae,
1047 1969 1085 1991 ac
1105 1960 1193 1991 nulla
1219 1963 1384 2000 praeterea
1404 1972 1439 1992 re
1460 1962 1524 1994 alia

25 2017 206 2055 adductum,
227 2018 259 2047 te
280 2016 313 2046 in
332 2016 416 2047 hunc
436 2015 576 2047 ordinem
596 2016 746 2053 ascivisse,
767 2015 800 2046 id
820 2016 921 2056 ipsum
942 2019 1049 2047 tamen
1070 2017 1168 2057 magis
1188 2017 1229 2049 ad
1255 2028 1344 2049 suam
1364 2028 1460 2058 quam
1481 2019 1523 2050 ad

25 2076 115 2106 tuam
134 2073 261 2105 laudem
281 2073 439 2113 pertinere
459 2072 590 2104 videtur.
613 2072 663 2103 mi
685 2072 768 2103 enim
789 2073 918 2104 accessit
937 2075 1095 2111 meritum,
1116 2074 1171 2114 qui
1190 2074 1443 2106 benemerentem
1458 2085 1524 2107 eve-

26 2132 83 2169 xit,
103 2141 166 2162 non
180 2130 248 2168 tibi,
270 2130 324 2170 qui
338 2130 371 2160 id
383 2132 478 2161 antea
490 2129 668 2161 merebaris.
691 2129 739 2161 De
759 2131 890 2161 caeteris
904 2133 1011 2162 autem
1024 2131 1095 2162 vide
1115 2134 1269 2171 quantum
1290 2135 1346 2163 tua
1359 2142 1423 2163 sors
1438 2132 1526 2165 brevi

25 2188 192 2220 immutata
211 2190 267 2219 est.
288 2187 427 2218 Primum
448 2187 531 2218 enim
550 2187 605 2226 qui
620 2196 689 2218 eras
708 2187 741 2217 in
761 2197 874 2228 genere
895 2188 977 2219 vitae
992 2188 1194 2220 scholasticae
1214 2191 1246 2220 et
1256 2188 1359 2220 studio
1378 2189 1524 2221 tradendi

22 2245 104 2287 juris
123 2245 262 2277 omnium
282 2254 452 2284 supremuS‚
484 2253 567 2275 nunc
586 2243 692 2275 multis
712 2244 781 2282 eris,
811 2244 1009 2276 inferioribus
1028 2245 1097 2282 tibi,
1127 2245 1265 2283 inferior,
1296 2256 1429 2286 quorum
1449 2246 1527 2280 alios

35 2356 44 2375 ¹
63 2355 148 2384 Reiz:
168 2356 273 2384 texeret
800 2357 811 2373 ⁷
830 2356 909 2384 PAL:
928 2356 1043 2391 operior

35 2400 47 2418 ⁴³
65 2399 133 2428 Reff.
152 2408 166 2427 e
185 2399 232 2428 Gr.
251 2399 332 2427 vellet
801 2401 812 2417 ⁸
830 2399 876 2428 ΒΓ.
896 2408 921 2435 p.
940 2400 982 2434 81,
1002 2401 1044 2428 die
1063 2401 1106 2435 22,
1125 2401 1192 2429 dove
1210 2401 1270 2429 solo
1289 2402 1318 2429 in
1337 2402 1422 2437 parte.

35 2445 46 2464 ³
64 2444 125 2472 PM.
144 2443 370 2472 condictionibus
804 2444 816 2463 ⁹
834 2443 880 2471 Gr.
894 2453 976 2472 senza
993 2453 1087 2480 nuper

36 2489 47 2507 ⁴
65 2488 120 2516 ΡΡ.
139 2489 270 2516 nontam
794 2489 816 2506 ¹⁰
835 2488 921 2522 Ram„
939 2488 994 2517 ΡΡ.
1013 2491 1133 2517 noverat

36 2533 46 2552 ⁵
66 2532 136 2566 PM„
154 2532 199 2560 Gr.
221 2540 235 2560 e
253 2532 328 2560 PR:
348 2532 443 2560 minus
455 2540 542 2567 quam
797 2533 817 2550 ¹¹
839 2533 915 2560 Ram.
935 2532 1013 2565 favet

35 2578 46 2595 ⁶
64 2576 116 2604 Nei
135 2576 220 2605 codici
240 2576 364 2605 saec‘zcla.
382 2577 428 2605 ΒΓ.
442 2585 505 2612 pag.
519 2576 553 2605 74
571 2586 585 2606 e
605 2577 671 2606 Reff.
686 2578 759 2605 han·
797 2577 819 2594 ¹2
838 2576 891 2604 Nei
904 2576 990 2604 codici
1009 2577 1122 2606 debebat

62 2628 98 2648 no
117 2622 214 2656 questa
233 2620 329 2656 parola
347 2620 377 2649 in
391 2621 497 2649 bianco.
800 2622 820 2639 1³
839 2620 894 2648 ΡΡ.
913 2621 982 2655 Quia
