1845 3076
729 192 865 216 EPISTOLE
1509 181 1549 212 77

53 287 188 317 aequum
215 278 262 308 est
281 277 363 317 leges
383 275 510 316 possint,
537 284 659 306 necesse
681 278 727 306 est
748 285 814 307 esse
841 275 979 316 aliquem
1001 275 1054 315 qui
1082 274 1153 316 plus
1173 274 1294 315 legibus
1323 274 1427 314 possit,
1449 276 1488 311 et,
1510 282 1550 304 ne

51 333 128 375 quid
147 334 274 374 impune
300 335 410 365 contra
428 332 512 373 leges
531 342 568 363 ac
591 331 666 373 jura
686 332 744 364 fiat
759 333 777 370 ¹,
805 335 958 373 perpetuo
979 332 1148 372 provideat.
1177 331 1269 363 Nunc
1289 333 1396 363 autem
1415 331 1549 363 dicenda

51 391 140 423 nobis
159 393 205 422 est
220 391 231 408 2
251 400 346 422 causa
359 389 562 430 quamobrem
583 388 687 429 plures
708 399 747 420 ex
766 389 892 430 regibus
913 399 950 420 ac
965 389 1096 420 dominis
1116 388 1191 420 mali
1211 389 1281 420 sint.
1303 389 1343 420 Et
1357 391 1404 420 est
1422 388 1550 428 quidem

51 447 198 488 expedita
217 446 392 487 responsio:
415 446 547 486 Propter
567 445 599 476 id
614 446 698 486 quod
719 445 824 486 plures
846 455 883 477 ex
898 446 1076 477 hominibus
1097 445 1172 476 mali
1193 456 1289 485 quam
1310 446 1382 477 boni
1397 446 1468 476 sint.
1489 445 1550 477 Sed

53 505 219 537 dicendum
246 506 293 536 est
311 504 344 535 id
364 503 458 544 paulo
483 502 587 534 latius.
619 502 761 534 Evenisse
788 502 897 543 opinor
917 513 952 534 eo
973 505 1112 542 tempore
1135 502 1175 542 (si
1195 502 1280 542 quod
1308 513 1457 543 umquam
1485 502 1551 534 tale

50 564 174 602 tempus
195 561 269 601 fuit)
284 571 346 601 quo
366 560 506 592 homines
526 560 558 591 111
572 560 750 591 nemoribus
770 560 991 600 montibusque
1012 559 1129 600 passim
1142 570 1179 591 ac
1200 570 1284 591 more
1305 560 1483 591 belluarum
1498 570 1548 591 va-

50 621 209 660 garentur,
230 621 266 650 ut
280 620 382 649 essent
395 617 519 658 quidem
540 619 735 657 praestantes
748 617 815 654 viri,
829 617 883 657 qui
905 620 1028 656 possent
1044 616 1121 648 alios
1135 627 1251 657 regere.
1275 616 1413 655 Quorum
1429 617 1550 648 artibus

51 674 193 707 effectum
213 678 270 714 est,
291 678 328 706 ut
342 675 480 706 homines
499 684 563 705 una
583 677 769 714 cogerentur
783 676 815 705 et
829 674 861 704 in
882 674 1098 705 comunionem
1118 673 1364 713 civilitatemque
1379 684 1411 705 se
1425 675 1551 715 conjun-

50 735 170 773 gerent,
190 732 245 764 hos
266 734 372 764 autem
387 734 418 763 et
437 732 492 772 qui
507 731 547 763 ab
569 731 612 762 eis
632 731 848 762 discenderent
863 734 898 762 ut
918 731 1072 770 principes
1094 731 1240 762 colerent.
1264 731 1340 762 Inde
1353 731 1471 762 factum
1493 736 1553 769 est,

50 792 88 820 ut
108 789 301 830 posteriores,
322 789 532 820 crescentibus
552 798 623 820 cum
644 788 732 829 copia
752 788 845 825 vitiis,
868 799 887 819 a
907 788 1120 828 superioribus
1146 788 1209 819 suis
1235 788 1463 828 degenerarent
1478 790 1498 826 ³,
1520 792 1553 820 et

55 857 118 887 quo
138 846 209 886 plus
230 855 321 886 posse
349 856 381 877 se
410 845 559 877 videbant
572 846 592 883 ⁴,
614 855 649 877 eo
670 845 768 886 magis
788 845 961 876 insanirent
973 845 992 875 ⁵.
1025 847 1070 876 Ac
1090 845 1183 876 simili
1213 845 1339 885 quidem
1367 846 1457 876 modo
1484 846 1554 876 fieri

52 904 139 941 solet,
160 906 206 940 ut,
226 913 323 944 quum
344 903 412 943 quis
433 903 549 934 virtute
570 913 606 934 ac
627 902 727 943 gloria
753 902 882 933 militari
903 912 1051 942 magnum
1072 902 1241 942 aliquando
1268 912 1400 943 regnum
1421 902 1554 942 adeptus

51 963 109 997 est,
136 963 192 992 aut
219 961 431 992 moderatione
457 960 687 1000 prudentiaque
715 962 877 999 praestans
898 959 939 990 ad
959 959 1114 990 tollendas
1135 959 1302 991 seditiones
1333 959 1553 1000 tumultusque

53 1018 94 1049 ab
116 1018 180 1050 suis
207 1017 324 1049 civibus
353 1017 387 1048 in
417 1017 588 1057 principem
611 1017 741 1057 (electus
762 1019 807 1048 est
821 1017 845 1057 ⁶)
861 1017 880 1054 ⁷,
902 1017 955 1047 ille
976 1017 1158 1057 prudenter,
1179 1017 1307 1054 sincere,
1329 1017 1430 1048 sobrie
1452 1017 1552 1057 publi—

50 1085 119 1106 cam
140 1085 206 1106 rem
227 1074 442 1111 administret;
469 1073 527 1105 filii
548 1083 629 1111 vero,
650 1076 686 1104 ut
706 1073 716 1090 ⁸
743 1076 817 1104 sunt
838 1073 1021 1114 plerumque
1048 1074 1232 1114 parentibus
1253 1074 1418 1112 absimiles,
1447 1074 1553 1106 favore

51 1132 256 1172 potentiaque
277 1134 444 1172 parentum
470 1133 668 1172 praestantes
694 1131 858 1162 seccedant
872 1131 891 1169 ⁹,
924 1131 1100 1171 harumque
1128 1131 1244 1162 artium
1264 1131 1366 1172 ignari
1386 1132 1469 1163 omni
1489 1142 1557 1163 cru—

53 1189 193 1220 delitatis
213 1199 250 1221 ac
270 1189 407 1221 libidinis
426 1188 543 1220 scelere
562 1199 594 1220 se
614 1189 826 1220 contaminent
840 1189 869 1219 ¹⁰.
893 1188 931 1219 Et
952 1191 1001 1220 est
1020 1188 1147 1228 quidem
1173 1188 1295 1220 difficile
1316 1192 1352 1220 ut
1372 1189 1404 1220 in
1425 1189 1553 1220 summis

53 1246 171 1277 deliciis
191 1246 330 1278 homines
350 1247 426 1284 nati,
446 1247 478 1277 in
499 1246 584 1278 omni
603 1246 764 1286 voluptate
785 1246 906 1282 nutriti,
928 1245 982 1277 ubi
997 1246 1155 1277 erroribus
1177 1249 1271 1285 atque
1292 1246 1555 1277 assentationibus

52 1304 157 1335 omnia
175 1303 270 1344 plena
290 1307 365 1335 sunt
384 1304 425 1335 ad
445 1306 566 1335 rectum
587 1303 648 1335 iter
667 1303 832 1334 declinent.
856 1302 937 1334 Nam
958 1313 1060 1343 neque
1082 1306 1156 1334 sunt
1176 1303 1231 1343 qui
1251 1303 1420 1335 admonere
1441 1306 1498 1335 aut
1512 1304 1555 1334 di-

52 1370 122 1392 cere
137 1370 245 1392 verum
265 1361 380 1398 ausint,
401 1371 503 1401 neque
519 1361 571 1401 qui
593 1360 652 1392 sibi
666 1370 699 1392 se
719 1360 779 1391 dici
796 1361 815 1377 ¹¹
837 1370 945 1391 verum
965 1360 1072 1391 velint.
1094 1360 1139 1391 Ex
1155 1361 1279 1392 coelesti
1300 1361 1409 1402 itaque
1424 1371 1555 1393 munere

53 1417 149 1456 venit,
172 1418 198 1450 si
219 1418 273 1458 qui
294 1428 332 1449 ex
352 1418 400 1449 his
419 1418 557 1449 tenebris
578 1420 772 1458 errumpant,
793 1420 824 1449 et
844 1427 951 1448 veram
981 1417 1134 1449 rationem
1164 1418 1334 1458 aliquando
1354 1418 1508 1458 aspiciant
1523 1419 1553 1449 ¹2.

54 1475 165 1506 Evenit
183 1477 289 1506 autem
308 1475 487 1515 aliquando,
509 1477 544 1506 ut
565 1474 679 1515 privati
700 1475 829 1515 quidam
851 1474 963 1506 nefarii
984 1485 1021 1506 ac
1041 1474 1205 1507 facinorosi
1225 1478 1338 1509 essent,
1360 1476 1414 1515 qui
1435 1478 1553 1515 postea,

51 1532 85 1562 in
106 1532 316 1572 principatum
337 1531 463 1570 sublati,
484 1542 600 1572 aequos
621 1542 654 1564 se
671 1532 834 1573 justosque
855 1532 1075 1572 praebuissent
1089 1533 1120 1570 ¹³,
1143 1536 1179 1564 ut
1199 1533 1238 1564 de
1251 1533 1392 1573 Augusto
1413 1533 1556 1573 legimus.

53 1589 238 1621 Audivimus
254 1590 273 1606 ¹¹
294 1589 334 1621 de
363 1589 507 1621 Ubertz'no
522 1591 543 1607 ¹5
563 1600 673 1630 nuper,
693 1590 757 1630 qui,
785 1600 883 1630 quum
904 1592 998 1621 antea
1018 1590 1183 1630 complices
1203 1590 1318 1622 multos
1339 1600 1376 1621 ac
1396 1591 1555 1622 ministros

54 1647 207 1679 seelemm
226 1647 368 1685 haberet,
390 1647 534 1679 dominus
555 1648 667 1684 factus,
688 1657 739 1679 eos
759 1648 888 1679 seorsim
908 1648 1056 1685 evocavit,
1077 1650 1174 1688 atque
1194 1648 1367 1684 admonuit,
1390 1650 1427 1679 ut
1446 1648 1486 1679 ab
1508 1648 1556 1678 ln's

55 1704 261 1741 abstinerent,
284 1722 322 1727 ——
342 1705 495 1736 hactenus
519 1714 550 1736 se
571 1705 604 1735 111
624 1715 746 1736 0111116111
771 1715 837 1736 rem
857 1705 1002 1736 comitem
1017 1705 1047 1742 ¹⁶,
1070 1705 1199 1745 posthac
1218 1715 1356 1745 aequum
1383 1705 1557 1745 principem

34 1800 36 1802 Ι
54 1761 279 1801 praestiturum
296 1762 327 1799 ¹⁷,
349 1780 387 1784 ——
407 1761 446 1793 de
466 1762 513 1793 his
533 1772 615 1802 quae
635 1764 730 1793 antea
750 1764 838 1802 gesta
859 1764 961 1793 essent
981 1762 1101 1793 nullam
1122 1772 1155 1794 se
1175 1763 1331 1794 rationem
1362 1762 1555 1800 habiturum,

52 1819 85 1849 111
98 1817 240 1850 futurum
254 1829 294 1850 ne
310 1819 386 1859 quid
407 1819 612 1851 admitterent
633 1819 840 1859 providerent.
862 1819 920 1851 Eos
934 1820 1039 1860 igitur,
1060 1819 1115 1860 qui
1129 1820 1169 1851 ab
1183 1819 1282 1851 solitis
1304 1820 1386 1851 vitiis
1399 1820 1558 1851 abstinere

56 1885 118 1907 11011
138 1879 274 1916 possent,
300 1876 382 1907 male
401 1877 523 1914 habuit,
549 1879 697 1914 caeteros,
725 1879 762 1908 ut
781 1876 909 1917 dignum
930 1886 1128 1917 aequumque
1150 1876 1219 1914 fuit,
1246 1877 1351 1908 coluit.
1379 1877 1430 1908 Illi
1452 1880 1558 1908 autem

54 1942 180 1973 prorsus
202 1933 429 1965 abominabiles
449 1936 523 1965 sunt
539 1934 569 1972 ¹⁸,
590 1934 654 1974 qui,
676 1944 738 1965 non
751 1936 835 1965 recte
856 1934 979 1966 vivendi
994 1934 1076 1965 viam
1089 1935 1224 1974 sequuti,
1239 1934 1293 1966 sed
1308 1934 1502 1974 turpissimos
1521 1944 1559 1966 ac

55 1989 256 2023 detestabiles
276 2001 376 2023 mores
397 1991 522 2028 imitati,
542 1991 709 2023 infeliciter
730 1992 850 2032 periere
866 1992 896 2022 ¹⁰.

67 2083 72 2101 ¹
95 2083 173 2111 Ram.
192 2084 252 2112 sint
269 2092 316 2119 per
335 2083 389 2118 fiat
826 2086 847 2104 ¹3
867 2085 930 2113 Cosi
949 2085 1021 2121 PP.;
1040 2085 1082 2121 gli
1101 2085 1166 2113 altri
1178 2085 1383 2120 praebuissent

65 2128 76 2145 ‘²
94 2127 154 2157 PM.
175 2128 228 2156 PP.
248 2130 289 2157 est
305 2128 388 2157 vobis
825 2129 847 2148 ¹⁴²
867 2129 912 2158 ΒΓ.
932 2129 967 2157 84
985 2129 1119 2157 audimus

65 2172 75 2190 ³
93 2172 156 2200 Cosi
174 2172 268 2207 Ram.;
287 2172 327 2208 gli
347 2174 411 2201 altri
431 2174 601 2209 deyenerent
619 2181 632 2201 e
651 2173 787 2209 degenere
824 2174 846 2193 ¹⁵
866 2174 927 2201 PM.
947 2175 1031 2202 nota:
1048 2186 1058 2197 a
1074 2173 1127 2202 Hic
1147 2175 1188 2202 est
1206 2173 1358 2201 Ubertinus
1381 2174 1414 2201 de
1433 2174 1561 2202 Carraria

65 2216 76 2235 ⁴
94 2216 148 2244 Nei
166 2216 253 2245 codici
270 2217 368 2246 vident
857 2218 957 2246 tertius
976 2218 1170 2253 patavinorum
1189 2218 1317 2252 princeps
1333 2230 1342 2239 n

66 2262 76 2280 5
94 2261 148 2289 Nei
166 2261 252 2290 codici
272 2262 420 2290 insaniant
695 2297 699 2300 ι
825 2263 846 2281 ¹⁶
865 2263 927 2291 Cosi
953 2263 998 2290 ΒΥ.
1019 2261 1070 2298 87,
1098 2262 1139 2298 gli
1163 2262 1233 2297 altri,
1251 2262 1390 2290 omettono
1414 2262 1442 2290 la
1467 2263 1563 2298 parola

65 2305 76 2325 6
94 2306 150 2334 PP.
162 2306 300 2341 princeps
319 2306 438 2342 (alectus
455 2308 508 2341 est)
860 2308 990 2336 comitem

66 2350 76 2368 ⁷
95 2349 147 2378 Fin
167 2350 214 2385 qui
232 2349 254 2378 il
272 2350 403 2379 Ramusio
827 2351 848 2370 ¹⁷
868 2351 923 2380 PP.
937 2352 1159 2386 praestaturum

66 2394 77 2413 ⁸
95 2394 140 2423 Br.
159 2394 219 2423 PM.
238 2402 321 2423 senza
338 2396 371 2423 ut
827 2395 850 2415 ¹⁸
869 2395 929 2424 PM.
943 2396 1084 2432 agg-iunge
1102 2395 1128 2423 le
1146 2395 1238 2431 parole
1257 2395 1329 2431 dopo
1347 2397 1424 2431 sunt,
1446 2404 1459 2424 e
1478 2397 1561 2425 nota:

67 2438 78 2457 ⁹
95 2439 148 2467 Nei
168 2438 255 2467 codici
273 2438 427 2467 succedunt
866 2454 876 2464 «
893 2440 971 2474 Quod
990 2440 1114 2468 additum
1126 2440 1169 2467 est
1186 2448 1246 2468 mea
1264 2447 1348 2468 manu
1366 2439 1394 2467 id
1405 2447 1462 2468 non
1480 2440 1565 2468 habet

54 2483 77 2522 {⁰
95 2483 151 2511 PP.
170 2483 368 2511 contaminant
864 2484 995 2520 antiquus
1029 2484 1076 2512 sed
1101 2483 1156 2512 alio
1181 2482 1268 2512 codici
1298 2483 1422 2513 additum
1446 2484 1500 2513 fuit
1525 2484 1565 2512 di-

55 2527 75 2546 4·
96 2528 141 2556 Br.
162 2528 221 2556 PM.
241 2528 296 2556 dici
315 2528 371 2556 sibi
862 2536 941 2557 verso
961 2529 1106 2563 caractere,
1125 2528 1173 2556 sed
1191 2528 1261 2556 satis
1280 2529 1395 2564 antiquo
1411 2541 1421 2552 »

57 2572 80 2591 ¹²
99 2572 162 2600 Cosi
181 2573 226 2601 Br.
245 2572 296 2607 843
315 2572 356 2609 gli
381 2572 446 2601 altri
470 2573 630 2609 aliquando
653 2573 794 2602 rationem
830 2573 852 2593 ¹⁹
870 2573 969 2602 Manca
987 2573 1008 2600 il
1027 2572 1186 2601 rimanente.

91 2616 250 2652 despiciant
