1845 3076
236 148 275 179 26
869 159 894 180 P.
916 158 940 180 P.
964 157 1114 180 VERGEfflo

942 292 1040 323 XXII.

592 382 774 414 UGONI
815 383 883 414 DE
924 384 1221 416 FERRARIA
1262 385 1398 416 31).ι

790 467 950 497 BONONJAE,
971 467 1004 490 x1
1025 467 1150 497 APRJLIS,
1173 460 1258 491 1389.

549 534 613 569 (ΒΓ.
626 542 659 569 p.
678 535 719 562 26
741 535 778 568 t.,·
798 550 829 553 —
853 534 939 568 G76,·
958 550 991 555 —
1010 535 1083 563 PM.
1102 543 1124 564 c.
1143 535 1201 569 91,-
1222 552 1251 555 —
1272 536 1335 564 PP.
1354 544 1382 563 n.
1401 535 1441 570 6.)

318 604 520 645 Deprehendi
541 614 625 635 nunc
645 615 701 645 ego
722 605 848 645 quidem
862 605 883 642 2,
904 605 1030 636 incauto
1049 607 1081 636 te
1096 607 1299 642 monstrante,
1319 605 1411 643 viani,
1432 615 1488 645 per
1507 615 1602 645 quam
1617 614 1746 636 securus

238 662 395 701 invadam,
416 653 617 693 et'inermem
641 661 752 700 locum,
774 672 835 701 quo
850 664 951 693 tectus
972 665 1004 693 te
1019 662 1203 702 percutiam,
1224 672 1321 702 quum
1333 672 1479 703 ι00101000
1494 664 1542 693 tuo
1562 662 1743 702 nuperrime

239 720 399 758 scriberes,
421 722 453 750 te
473 719 638 750 literarum
658 729 800 750 mearum
821 719 1032 750 multitudinis
1052 719 1134 751 mole
1153 729 1335 760 oppressum
1356 719 1407 750 vix
1428 719 1556 758 hiscere,
1576 719 1650 749 hinc
1663 719 1673 736 ³
1694 719 1746 750 sti-

238 777 406 809 mulandus
427 787 468 813 es,
489 776 562 807 hinc
582 776 740 808 feriendus
754 776 838 807 unde
852 776 990 807 vulneris
1003 777 1087 807 locus
1103 779 1199 816 patet.
1220 777 1342 808 Literas
1355 786 1440 808 meas
1455 775 1624 807 fastiditis?
1646 775 1749 807 Gemi-

239 835 321 866 nabo
336 835 344 851 ⁴
366 834 535 872 fastidium,
555 833 694 864 taedium
715 833 934 873 superaddam,
956 836 987 864 et
1007 834 1116 865 literas
1135 834 1306 866 inculcabo.
1330 834 1369 864 Et
1383 834 1394 850 ⁵
1421 834 1447 864 si
1467 833 1536 873 quis
1551 833 1562 849 ὅ
1582 833 1648 864 (1103
1669 833 1747 864 mihi

239 891 422 932 superflua,
445 892 530 929 hora,
553 891 601 922 vel
623 894 744 922 atomus
756 891 777 928 ⁷,
797 891 829 921 111
850 891 1013 922 scribendo
1033 891 1092 923 tibi
1111 901 1309 928 consumam;
1330 891 1391 922 imo
1412 893 1444 922 et
1463 891 1649 922 necessarios
1671 891 1745 929 dies,

242 949 357 990 quibus
378 950 466 981 bonis
486 949 596 980 studiis
617 948 843 980 intendendum
866 951 953 988 esset,
974 949 1052 979 mihi
1071 949 1248 988 surripiam,
1269 952 1374 989 atque,
1406 949 1432 979 si
1452 948 1484 978 id
1505 948 1608 979 facere
1628 951 1748 988 potero,

242 1007 398 1037 dormiens
419 1017 481 1037 non
505 1006 641 1042 cessabo,
661 1016 731 1036 cum
752 1005 854 1045 pridie
874 1006 998 1045 parcius
1018 1008 1113 1046 atque
1145 1006 1246 1037 rarius
1266 1006 1434 1037 scriberem
1448 1006 1467 1036 ⁸.
1489 1024 1528 1028 —
1549 1004 1694 1045 Namque
1715 1008 1748 1035 te

242 1064 412 1095 hiscentem
435 1065 486 1103 (ut
506 1063 601 1094 verbo
621 1066 675 1094 tuo
695 1064 782 1102 utar)
804 1063 919 1094 audivi.
940 1062 1097 1100 Quidnam
1118 1066 1258 1094 estnunc
1271 1064 1282 1079 ⁹
1303 1063 1386 1103 quod
1406 1063 1505 1094 literis
1527 1062 1603 1093 meis
1625 1071 1749 1102 oppres-

241 1132 310 1152 sum
331 1121 449 1152 hiscere
480 1131 542 1152 non
562 1130 649 1160 posse
670 1123 702 1151 te
724 1120 826 1150 dicis?
859 1119 924 1150 Nisi
946 1120 1003 1152 hoc
1023 1120 1099 1151 velis
1120 1121 1203 1160 quod
1224 1120 1328 1151 facere
1359 1130 1420 1150 11011
1441 1120 1545 1160 possis,
1572 1118 1655 1159 quod
1678 1129 1753 1150 cum

240 1178 362 1219 pridem
383 1187 484 1218 posses
500 1178 520 1194 ¹⁰
552 1177 657 1208 facere
677 1177 812 1208 nolebas.
847 1176 906 1207 Sed
928 1176 967 1208 ad
988 1177 1021 1207 id
1042 1177 1168 1216 quidem
1185 1178 1204 1194 ¹¹
1225 1187 1287 1208 non
1315 1176 1425 1208 leviter
1446 1175 1624 1217 arguendus
1646 1185 1688 1212 es,
1711 1180 1749 1208 ut

238 1236 354 1267 invitus
375 1235 471 1266 facias
492 1235 575 1275 quod
605 1237 662 1266 tua
682 1237 790 1275 sponte
811 1235 914 1266 facore
937 1236 1088 1266 hactenus
1102 1235 1123 1252 ¹2
1145 1235 1280 1266 noluisti.
1314 1234 1441 1273 Quoties
1463 1245 1518 1275 ego
1544 1236 1603 1267 tibi
1623 1235 1750 1267 blandis

243 1296 275 1324 et
295 1293 475 1324 hortatoriis
496 1292 596 1323 literis
617 1292 806 1332 persuadere
838 1293 922 1322 nisus
942 1302 1011 1323 sum
1026 1293 1057 1329 ¹³,
1089 1295 1125 1322 ut
1146 1292 1315 1332 aliquando
1336 1292 1385 1323 vel
1407 1292 1519 1323 saltem
1539 1293 1600 1324 duo
1621 1293 1753 1324 minima

239 1350 370 1381 verbula
391 1350 551 1387 scriberes,
573 1359 612 1380 ex
627 1349 740 1389 quibus
760 1349 896 1389 primum
910 1349 1056 1381 solatium
1072 1359 1227 1381 sumerem
1243 1350 1273 1387 ¹⁴,
1297 1349 1409 1381 deinde
1423 1350 1481 1387 1113,
1503 1350 1616 1390 quibus
1631 1352 1663 1380 te
1676 1360 1751 1381 voce

243 1408 509 1448 praedicaveram,
536 1417 570 1437 re
591 1407 796 1445 ostenderem,
818 1407 895 1447 quid
914 1407 1078 1447 praeclara
1099 1407 1144 1437 vis
1170 1407 1231 1438 oris
1252 1409 1283 1438 et
1315 1407 1431 1447 ingenii
1463 1407 1510 1437 tui
1530 1409 1632 1447 posset
1654 1407 1685 1444 ¹⁵,
1717 1410 1753 1437 tu

243 1466 358 1496 tacitus
379 1475 502 1504 semper
521 1467 553 1495 et
577 1464 743 1495 immobilis
767 1464 973 1504 permansisti,
994 1474 1051 1495 nec
1074 1464 1243 1501 blanditiis,
1265 1464 1524 1504 persuasionibus,
1553 1466 1609 1495 aut
1629 1466 1750 1495 exorta-

244 1523 418 1554 1101111111316
439 1522 572 1553 inflexus
600 1531 631 1552 es
647 1522 676 1552 ¹⁷.
699 1521 820 1552 Acriori
842 1531 924 1552 1111110
944 1522 1080 1559 3111111110,
1101 1532 1139 1552 ex
1161 1531 1197 1552 eo
1217 1522 1300 1561 quod
1315 1522 1336 1538 ¹⁸
1364 1521 1558 1553 suasionibus
1579 1531 1642 1552 non
1662 1524 1750 1561 potes

242 1579 327 1611 flecti
345 1581 374 1619 ¹¹³,
396 1579 550 1619 cogendus
583 1589 622 1610 es.
655 1579 859 1619 Loquacitate
880 1579 1044 1619 pugnabo:
1066 1581 1111 1616 111,
1144 1579 1220 1610 30110
1234 1579 1266 1617 ²⁰,
1294 1579 1521 1609 taciturnitatis
1542 1578 1650 1619 clypeo
1670 1578 1751 1609 ictus

245 1637 387 1677 excipies.
409 1637 523 1668 Utrum
539 1636 672 1667 validius
693 1637 742 1674 sit,
760 1637 827 1676 jam
840 1636 947 1667 statim
968 1646 1029 1668 non
1045 1636 1170 1667 illaesus
1191 1636 1312 1675 senties,
1334 1646 1404 1666 cum
1417 1646 1576 1667 armorum
1597 1636 1627 1666 vi
1641 1635 1748 1674 victus,

236 1695 337 1736 jussui
352 1696 372 1711 ²¹
395 1704 464 1725 meo
477 1704 589 1734 parere
604 1694 728 1734 cogeris.
741 1693 851 1725 Gaude
865 1694 969 1734 igitur,
987 1693 1083 1724 virilis
1098 1693 1229 1731 athleta,
1244 1693 1385 1725 acutiora
1401 1693 1490 1734 longe
1506 1696 1538 1724 et
1552 1693 1711 1724 crebriora
1725 1693 1748 1709 ‘³²

243 1763 339 1793 quam
366 1762 506 1792 unquam
525 1752 632 1792 jacula
662 1754 855 1791 recepturus.
886 1750 1021 1782 Proinde
1041 1761 1079 1781 ne
1100 1761 1221 1791 semper
1253 1751 1361 1782 taliter
1381 1753 1485 1782 tecum
1505 1761 1606 1791 agam,
1637 1760 1703 1790 per,
1727 1750 1754 1780 si

243 1810 319 1850 quid
339 1811 477 1850 possunt,
499 1811 609 1841 sancta
629 1809 786 1840 amicitiae
803 1809 886 1849 jura,
908 1818 982 1848 rogo
1003 1811 1038 1839 ut
1059 1809 1193 1840 amicum
1213 1819 1334 1840 mecum
1350 1809 1372 1825 ²³
1393 1818 1511 1839 morem
1532 1810 1649 1839 tractes
1665 1807 1697 1837 ²⁴.
1714 1825 1756 1829 -—

243 1868 329 1899 Vale.

254 1965 260 1981 ¹
283 1963 314 1991 G.
343 1963 502 1991 Nostissimo
527 1962 641 1997 phisico
661 1962 788 1989 Domino
825 1961 918 1997 Uyom·
947 1961 980 1989 de
1017 1963 1037 1979 ¹²
1058 1961 1090 1990 G.
1109 1962 1245 1989 lectotenus
1263 1961 1356 1994 facere

276 2007 427 2042 Ferraria,
447 2007 557 2035 oratori
569 2007 729 2042 praecipuo
1020 2009 1039 2024 ²³⁵
1058 2006 1120 2034 Cosi
1140 2006 1170 2034 G.
1191 2006 1236 2033 Gli
1255 2006 1320 2034 altri
1340 2013 1404 2032 sum
1423 2006 1501 2033 visus

252 2054 263 2070 2²
284 2052 315 2080 G.
335 2053 435 2080 omette
455 2061 504 2087 090
523 2051 638 2087 quidem
1021 2053 1041 2068 ¹⁴
1061 2051 1093 2078 G.
1113 2051 1222 2079 Deinde

253 2100 263 2116 ²³
283 2098 314 2126 G.
334 2097 400 2125 hinc
418 2097 485 2125 hinc
1016 2097 1036 2113 ·⁵
1055 2095 1086 2124 G.
1110 2095 1153 2123 Ta
1174 2096 1276 2124 tacitus

255 2144 264 2161 ⁴
285 2142 347 2170 Cosi
366 2141 398 2169 G.
418 2141 463 2169 Gli
481 2140 547 2169 altri
565 2140 728 2169 examinato
1018 2141 1038 2157 ¹⁶
1058 2141 1121 2168 Cosi
1141 2142 1172 2169 G.
1192 2139 1238 2167 Gli
1256 2140 1322 2168 altri
1341 2138 1554 2167 hortationibus

254 2189 265 2206 5
284 2187 316 2216 G.
335 2186 379 2215 Ac
586 2210 588 2212 .
1019 2186 1039 2202 ¹⁷
1059 2184 1121 2212 Cosi
1141 2185 1172 2212 G.
1192 2184 1236 2212 Gli
1256 2184 1322 2213 altri
1340 2184 1476 2217 wallerus,
1495 2182 1602 2211 acriori

253 2235 264 2249 ‘⁵
284 2234 315 2261 G.
335 2232 400 2267 quis
418 2231 491 2259 milri
1018 2230 1039 2247 ¹⁸
1058 2230 1110 2257 Nei
1130 2230 1218 2257 codici
1237 2238 1271 2258 ev
1289 2237 1344 2264 quo

254 2280 265 2295 ⁷
283 2277 406 2304 Atoums
430 2275 473 2304 vel
492 2275 624 2303 athomos
648 2283 696 2309 per
724 2273 839 2303 minima
858 2274 979 2302 frazione
1015 2278 1036 2293 ⁴⁹
1056 2277 1087 2302 G.
1106 2275 1231 2302 securiter
1250 2273 1326 2308 flecti
1345 2282 1404 2302 non
1417 2274 1501 2308 potes

280 2322 308 2350 di
325 2323 417 2356 tempo
437 2320 492 2355 (Du
511 2320 624 2355 Gange).
1021 2321 1043 2337 ¹2⁰
1062 2319 1095 2347 G.
1113 2328 1175 2347 sero

255 2369 266 2385 8
286 2367 317 2394 G.
340 2365 420 2397 Cmn,
434 2364 533 2399 pridie
551 2363 632 2398 dans,
644 2363 767 2398 parcius
779 2363 930 2392 scriberem
944 2365 983 2392 at·
1021 2365 1041 2382 '²¹
1063 2364 1117 2392 PP.
1129 2364 1219 2397 jussu

278 2419 332 2447 que
351 2409 458 2443 rarius,
477 2416 636 2443 numquam
655 2417 708 2436 ecc.
1019 2410 1042 2426 ‘2²’
1061 2409 1093 2436 G.
1113 2409 1244 2436 acutiora
1263 2415 1296 2436 cto
1315 2407 1470 2435 celebriora

254 2458 265 2474 ⁹
285 2456 316 2483 G.
336 2454 474 2490 quidnam
494 2460 572 2480 mmo
590 2454 633 2480 est
1020 2454 1042 2471 ⁹³
1062 2453 1125 2481 Cosi
1145 2452 1177 2480 G.
1196 2451 1241 2479 Gli
1260 2451 1325 2480 altri
1344 2459 1437 2478 meum

245 2501 267 2519 ¹⁰
286 2500 317 2527 G.
337 2499 404 2534 quia
423 2497 454 2524 fid
466 2498 562 2529 jacere
571 2497 637 2532 jam
656 2505 715 2524 non
722 2498 805 2532 potes
823 2497 907 2532 qnod,
920 2505 983 2525 cum
1020 2499 1041 2515 ²⁴
1063 2497 1094 2525 G.
1115 2499 1142 2526 et
1153 2505 1208 2532 quo
1228 2495 1435 2524 communicare
1446 2494 1540 2530 possis
1554 2494 1689 2527 absentes,
1706 2491 1760 2520 ali—

273 2544 503 2580 pridemposses⁷
521 2550 575 2569 000.
1054 2541 1178 2576 quando,
1190 2548 1249 2568 ozon
1262 2540 1323 2568 (lieo
1336 2538 1460 2573 saepius,
1473 2538 1544 2566 mihi
1557 2537 1672 2566 scribas.
1693 2535 1762 2565 Vale

246 2591 266 2608 1¹
286 2589 357 2617 Cosi.
377 2587 422 2615 Gli
439 2587 505 2615 altri
523 2595 604 2615 senza
624 2586 738 2622 quidem
1058 2588 1085 2614 et
1096 2585 1180 2620 patr-27
1198 2592 1258 2612 meo
1278 2591 1322 2611 me
1348 2582 1553 2611 recommendo.
