1845 3076
240 164 278 195 66
871 169 898 192 r.
918 169 943 192 P.
965 169 1114 193 VERGEmo

239 258 351 296 posset,
373 255 582 294 inelegantem
604 252 776 293 appellas1.
797 252 858 284 Sed
878 252 937 283 hoc
958 252 1080 284 efficere
1097 263 1160 284 non
1179 253 1305 292 poteris,
1328 263 1399 284 cum
1420 255 1546 284 tantum
1567 254 1605 285 de
1630 256 1662 285 te
1682 264 1749 285 sen-

239 313 327 350 tiam,
350 314 505 352 quantum
526 311 565 341 de
587 310 652 341 ullo
672 312 704 341 et
724 310 904 350 gravissimo
926 312 957 341 et
977 309 1228 350 eloquentissimo
1249 310 1316 342 viro
1335 310 1446 341 sentiri
1465 312 1577 350 potest.
1602 311 1638 341 In
1660 311 1749 352 cujus

239 370 286 401 rei
305 369 450 409 opinione
479 367 548 399 falli
568 377 631 398 non
652 377 776 407 possum
806 366 897 404 solus,
928 366 1072 398 universo
1102 376 1223 398 mecum
1250 367 1325 398 orbe
1350 367 1460 398 itidem
1481 370 1513 398 et
1539 367 1695 399 sentiente
1716 370 1749 399 et

240 426 454 466 praedicante.
482 425 528 456 De
550 424 670 464 reliquo
692 426 807 463 autem,
836 424 894 454 etsi
913 433 1021 455 verum
1048 424 1205 455 existimet
1226 424 1365 464 quisquis
1392 434 1442 455 me
1463 434 1525 455 non
1546 424 1635 456 modo
1655 425 1749 466 hujus

240 482 481 523 praeclarissimi
493 481 631 518 artificis,
642 481 697 512 sed
708 483 740 512 et
755 481 889 522 cujusvis
901 481 1001 512 bonae
1016 480 1093 512 artis
1106 481 1251 521 ignarum
1262 482 1364 520 putat,
1375 491 1437 512 non
1448 483 1555 512 tamen
1566 481 1644 513 adeo
1654 482 1750 513 hebes

241 541 366 581 ingenio
387 549 456 570 sum
471 540 491 577 ²,
516 541 553 570 ut
577 549 640 569 non
666 538 766 569 norim
792 537 890 578 (quod
912 540 958 569 est
978 537 1063 577 apud
1085 537 1248 577 Flaccum)
1276 538 1349 577 quid
1373 538 1488 569 distent
1507 548 1582 569 aera
1603 538 1719 578 {affluis
1729 539 1749 570 ³.

243 598 291 629 Ne
312 597 470 629 abstineas
490 596 587 637 igitur
607 598 736 635 propter
757 595 823 632 hoc,
851 605 953 635 neque
973 598 1004 626 te
1025 605 1044 625 a
1065 594 1228 626 scribendo
1255 595 1399 626 retrahas
1410 595 1429 625 ⁴.
1452 594 1560 626 Oratio
1582 595 1665 626 enim
1684 598 1750 634 tua,

242 654 480 695 qualiscumque
500 654 606 690 fuerit,
628 652 761 684 caeteris
782 654 875 692 grata
897 654 954 688 est,
975 652 1052 682 1111111
1073 652 1257 691 gratissima.
1286 651 1363 682 Eam
1383 661 1499 691 quaeso
1521 652 1630 684 crebro
1651 662 1752 684 comu-

243 713 331 743 nica:
353 712 483 753 adjicies
513 720 636 751 semper
666 709 787 749 aliquid
808 711 912 740 certus
932 719 1011 746 sum,
1039 709 1122 748 quod
1143 711 1175 740 et
1196 709 1350 749 gravitate
1370 709 1478 748 prosit,
1506 711 1539 740 et
1560 710 1751 741 amoenitate

243 770 387 801 delectet.
409 768 605 801 Sententiam
627 769 734 798 autem
754 769 852 804 tuam,
874 767 957 806 quod
979 776 1036 806 per
1055 766 1145 797 aliud
1164 768 1287 806 ayeutes
1307 766 1341 796 in
1362 776 1418 797 sua
1438 767 1541 806 prima
1561 767 1693 807 epistola
1707 767 1752 798 in-

241 827 401 859 tellexerit
421 826 546 863 Seneca,
566 828 633 856 tam
662 824 874 855 verissimam⁵
897 823 1013 864 judico,
1041 833 1136 863 quam
1163 823 1363 854 falsissimum
1389 823 1422 853 id
1452 824 1536 864 quod
1567 824 1606 855 de
1625 824 1753 856 illorum

243 885 340 916 turba
360 887 392 915 te
420 883 503 914 dicis.
534 881 716 921 Quomodo⁶
743 881 826 912 enim
847 880 1072 911 existimandus
1092 883 1139 910 est
1158 880 1212 911 ille
1233 880 1283 911 vel
1303 880 1391 917 nihil,
1412 880 1462 911 vel
1481 881 1574 918 male,
1594 881 1644 912 vel
1664 881 1752 913 aliud

242 952 346 983 agere,
367 941 421 981 qui
442 940 521 971 nihil
542 940 601 970 nisi
621 939 706 979 quod
734 939 850 969 bonum
872 939 902 968 et
923 937 1097 977 sapientem
1125 937 1226 968 virum
1247 937 1357 968 deceat
1385 938 1450 978 agit
1471 940 1527 969 aut
1548 939 1675 979 cogitat,
1702 939 1753 970 cui

240 1000 323 1030 nihil
343 999 401 1029 nisi
422 998 521 1029 virtus
542 999 574 1027 et
595 996 768 1036 sapientiae
788 994 927 1025 studium
948 995 981 1024 in
1002 995 1160 1034 praetium
1182 994 1252 1026 est?
1278 995 1323 1026 Ea
1343 997 1481 1035 propter,
1509 995 1542 1026 id
1562 996 1640 1026 mihi
1659 996 1698 1027 de
1719 998 1752 1028 te

242 1055 432 1097 persuadere
454 1065 515 1085 11011
536 1064 661 1094 possum
683 1052 767 1092 quod
787 1052 905 1088 scribis,
930 1061 1002 1082 cum
1022 1051 1114 1092 vulgo
1141 1051 1314 1092 vulgariter
1334 1052 1445 1083 vivere.
1475 1051 1557 1083 Nam
1578 1062 1642 1084 non
1661 1053 1753 1085 facile

240 1114 367 1154 accipio,
390 1112 630 1144 modestissimos
652 1120 752 1141 mores
772 1112 851 1146 tuos,
872 1119 995 1140 omnem
1016 1108 1141 1139 virtutis
1162 1109 1349 1149 dignitatem
1371 1119 1447 1149 prae
1461 1120 1493 1141 se
1509 1110 1654 1149 ferentes,
1669 1110 1749 1142 vilis-

239 1173 337 1203 simae
363 1170 449 1210 vulgi
475 1169 589 1200 turbae
614 1167 803 1208 permisceri,
829 1169 886 1197 aut
906 1167 947 1198 ab
973 1166 1040 1197 ulla
1067 1168 1158 1206 parte
1185 1166 1372 1198 labefactari
1397 1167 1542 1207 potuisse.
1569 1168 1688 1199 Verum
1707 1168 1753 1200 ita

241 1228 393 1265 existimo,
415 1230 446 1258 te
466 1237 537 1257 cum
552 1226 562 1242 ⁷
594 1225 687 1265 vulgo
708 1224 883 1261 convenire,
910 1226 946 1254 ut
966 1223 1033 1254 sola
1055 1224 1158 1260 facies,
1189 1224 1388 1264 exteriorque
1414 1224 1550 1263 habitus,
1581 1225 1753 1257 secundum

239 1287 441 1326 praeceptum
464 1283 604 1320 Senecae,
625 1282 733 1312 similis
754 1281 803 1320 sit,
825 1281 859 1311 in
873 1281 1002 1321 reliquis
1022 1283 1129 1312 autem
1149 1281 1275 1312 omnino
1295 1281 1472 1321 disparitas.
1494 1281 1583 1320 Quod
1598 1285 1634 1314 ut
1653 1282 1700 1314 ita
1714 1282 1753 1314 de

239 1353 289 1374 me
302 1342 359 1374 fiat
379 1342 464 1374 omni
476 1340 580 1371 studio
594 1339 725 1375 61111013,
748 1340 780 1369 61
793 1337 900 1369 sedulo
915 1337 1004 1375 facio,
1021 1340 1057 1368 ut
1077 1349 1116 1369 ex
1130 1338 1327 1378 opinionibus
1340 1338 1426 1379 vulgi
1445 1339 1569 1380 integer
1584 1350 1750 1381 emergam.

242 1400 360 1432 Hortor
379 1400 488 1439 itaque
513 1407 709 1437 summopere
736 1398 768 1427 et
795 1398 827 1426 te
852 1398 884 1426 et
904 1406 963 1433 1116,
984 1398 1029 1433 111,
1056 1395 1082 1426 si
1101 1395 1178 1435 quid
1197 1395 1230 1426 in
1253 1396 1341 1427 nobis
1362 1396 1473 1437 vulgus
1493 1397 1614 1437 partis⁹
1641 1397 1749 1437 habet,

240 1458 426 1499 abjiciamus
447 1456 590 1496 protinus
608 1455 729 1495 jugum,
752 1456 783 1484 et
802 1453 972 1485 liberemus
996 1463 1051 1483 nos
1071 1453 1129 1483 hoc
1149 1453 1265 1484 blando
1285 1454 1420 1492 servitio,
1448 1453 1556 1495 nilque
1576 1455 1636 1485 nisi
1656 1455 1753 1495 philo—

239 1515 381 1556 sophiam
404 1516 435 1546 et
456 1514 605 1544 virtutem
626 1521 736 1552 sapere
758 1511 863 1542 studia
889 1513 996 1541 nostra
1018 1511 1245 1550 permittamus.
1267 1510 1355 1549 Vale,
1384 1514 1416 1542 et
1436 1512 1462 1542 si
1482 1512 1559 1552 quid
1585 1513 1699 1544 erroris
1718 1513 1752 1543 in

240 1573 289 1604 his
309 1572 419 1609 literis,
450 1580 527 1611 quas
555 1570 595 1600 ad
624 1572 657 1600 te
683 1569 784 1600 scribo
816 1567 1011 1607 compereris,
1044 1577 1175 1607 quorum
1207 1567 1425 1599 refertissimas
1454 1579 1519 1600 esse
1540 1579 1601 1601 non
1632 1570 1751 1608 dubito,

239 1632 408 1671 propterea
434 1628 517 1668 quod
536 1627 569 1658 in
590 1627 667 1658 haec
687 1625 898 1666 placidissima
929 1625 1085 1656 scribendi
1116 1625 1221 1656 studia
1242 1636 1339 1657 novus
1361 1627 1459 1664 venio,
1477 1627 1594 1668 judica,
1615 1627 1751 1666 obsecro,

239 1698 290 1719 me
303 1686 509 1718 correctiones
525 1687 596 1715 tuas
611 1684 795 1724 habiturum
811 1682 1011 1723 gratissimas
1024 1683 1046 1699 ¹⁰
1059 1682 1257 1714 Buccolicum
1272 1693 1398 1714 carmen
1414 1684 1565 1722 Boccacii,
1581 1695 1652 1716 cum
1667 1685 1752 1725 apud.

239 1748 271 1776 te
293 1744 405 1775 inutile
427 1743 561 1779 steterit,
584 1741 660 1772 utile
681 1741 765 1781 apud
786 1751 835 1771 me
850 1739 914 1771 fiet.
937 1739 1094 1778 Quamdiu
1114 1742 1222 1771 tamen
1241 1741 1274 1771 in
1288 1751 1382 1780 opere
1399 1744 1454 1779 est,
1470 1742 1595 1773 omnino
1607 1743 1628 1759 ¹¹
1648 1744 1752 1774 tecum

241 1804 378 1833 maneat.
400 1800 480 1832 Vale
501 1800 626 1836 iterum,
647 1799 694 1829 vir
714 1798 893 1835 clarissime,
915 1799 948 1828 et
968 1807 1018 1828 me
1038 1800 1128 1828 tuum
1150 1797 1249 1828 crede.

251 1907 257 1922 ¹
280 1905 335 1932 ΡΡ.
355 1903 500 1938 (qm-ellare
1028 1901 1039 1917 ⁷
1059 1900 1112 1927 ΡΡ.
1133 1899 1194 1927 ΡΜ.
1213 1900 1272 1934 sic;
1291 1900 1321 1928 111
1339 1900 1386 1928 Br.
1408 1908 1463 1928 11011
1483 1900 1507 1928 si
1526 1901 1612 1930 rileva

249 1950 259 1966 ²
279 1949 335 1976 ΡΡ.
354 1948 414 1975 ebes
431 1946 622 1982 inglenioszmi,
635 1954 648 1973 e
661 1944 834 1981 soggiunge:
850 1943 975 1972 «melius
1025 1946 1035 1962 ⁸
1054 1944 1098 1972 ΒΥ.
1118 1943 1178 1971 ΡΜ.
1199 1944 1294 1972 enitar

274 1993 354 2021 hebes
371 1991 482 2026 1119εηί1
495 1999 512 2018 >>
1027 1990 1038 2006 ⁰
1058 1989 1112 2017 ΡΡ.
1125 1989 1290 2023 praesentis

249 2040 260 2055 ³
280 2038 331 2072 Ep.
350 2036 374 2071 Ι,
394 2036 419 2070 7,
438 2034 480 2063 23.
1016 2034 1038 2050 ¹0
1057 2033 1112 2061 ΡΡ.
1133 2033 1258 2062 habuero
1277 2042 1292 2061 e
1310 2042 1392 2063 senza
1409 2034 1430 2062 il
1449 2044 1493 2064 me
1503 2044 1513 2070 ‚⁴
1533 2035 1578 2064 ΒΓ.
1598 2036 1659 2065 ΡΜ.
1672 2044 1754 2065 senza

248 2084 259 2100 ·¹
279 2081 334 2109 ΡΡ.
351 2080 509 2115 protrahas
1048 2078 1068 2106 il
1088 2086 1132 2106 me
1150 2078 1193 2106 del
1213 2078 1281 2113 pari,
1299 2079 1435 2107 habituro

249 2129 260 2145 5
279 2125 534 2157 PRoeerissc'mmn
1013 2124 1032 2140 ¹¹
1054 2122 1109 2152 ΡΡ.
1129 2130 1211 2150 omne

249 2173 260 2189 ⁶
278 2171 332 2199 ΡΡ.
352 2170 422 2206 qzcicl
