1845 3076
231 163 290 194 176
871 172 896 193 P.
918 171 942 193 P.
966 171 1113 193 venusino

224 265 281 295 pro
303 264 341 285 ea
362 254 590 286 necessitudine
614 254 848 293 familiaritatis,
876 265 957 294 quae
979 254 1055 285 mihi
1076 257 1180 286 tecum
1203 258 1260 292 est,
1288 255 1418 286 iniurius
1445 255 1553 286 videar
1582 259 1638 287 aut
1659 260 1746 288 certe

223 312 374 352 ingratus.
399 311 508 351 Neque
531 311 632 342 enim¹
654 314 702 343 est
724 321 807 342 1111110
828 311 1000 351 quidquam
1020 311 1177 343 illustrius
1191 312 1224 342 in
1239 322 1292 343 ore
1305 312 1476 350 hominum,
1492 313 1576 352 quod
1589 313 1743 353 imprimis

223 378 324 408 aeque
352 368 475 400 feratur
490 369 509 405 ¹²,
537 369 583 399 uti
613 369 732 400 navalis
759 379 874 409 pugna,
903 379 998 409 quam
1027 379 1128 409 nuper
1155 379 1274 400 summo
1301 370 1418 407 labore,
1445 370 1564 410 ingenti
1591 371 1740 410 periculo,

224 426 338 456 eximia
358 436 429 456 011111
444 426 454 443 ³
482 426 600 457 virtute
627 429 693 463 tua,
715 436 752 457 ac
773 429 897 457 tuorum
921 426 1066 463 militum,
1093 426 1221 466 Deoque
1242 428 1317 457 ante
1344 427 1448 458 omnia
1469 427 1602 466 fautore,
1628 428 1738 458 vicisti.

225 483 288 514 ΑΗ
311 493 350 513 110
372 483 440 523 quis
461 486 492 513 te
507 493 620 523 parum
641 483 771 514 forsitan
793 484 891 523 egisse
913 483 1096 520 arbitretur,
1112 484 1216 523 (1110115
1236 484 1384 524 utrinque
1398 494 1460 515 non
1483 494 1594 524 magno
1616 485 1744 516 navium

229 550 361 571 numero
390 551 496 580 pugna
516 540 658 572 confecta
671 542 681 557 ⁶
709 543 765 578 est,
786 541 872 577 sciat,
902 551 970 572 eam
992 551 1058 572 reni
1079 551 1140 571 non
1169 551 1357 580 magnopere
1378 541 1418 572 ad
1445 541 1621 572 claritatem
1636 542 1647 558 ⁷
1675 542 1746 572 atti—

226 607 301 628 nere
317 598 335 628 ⁹.
364 597 476 637 Neque
505 599 588 628 enim
609 597 812 630 multitudine
841 598 996 629 exercitus
1017 601 1073 629 aut
1095 598 1239 629 classium
1268 598 1422 629 numer0⁹
1450 608 1499 629 res
1527 598 1610 630 bello
1638 601 1744 639 gestae

228 665 360 694 magnae
386 655 579 695 judicantur,
603 656 658 687 sed
683 656 839 687 industria
859 666 895 687 ae
920 656 1077 696 probitate
1094 657 1113 672 ¹⁰
1140 656 1235 693 (111015,
1263 656 1378 687 virtute
1400 666 1437 687 ac
1457 656 1569 687 robore
1597 656 1744 688 militum.

225 712 374 751 Alioquin
386 713 405 729 11
428 723 525 752 (11111111
541 713 672 744 Romani
693 713 779 744 intra
793 713 947 744 decimum
962 713 1099 753 lapidem
1113 713 1197 744 bella
1211 716 1366 754 gererent.
1381 714 1483 753 deque
1499 714 1587 745 victis
1601 714 1743 744 hostibus

225 769 410 809 tryumphos
432 773 572 809 agerent,
601 780 662 800 non
690 770 807 801 fuerint
824 771 844 786 ¹²
874 771 940 809 ejus
961 771 1108 810 temporis
1136 781 1185 801 res
1206 775 1312 810 gestae
1339 771 1500 810 preclarae
1528 773 1585 802 aut
1599 772 1621 788 ¹³
1650 771 1744 802 duces

225 836 333 857 eorum
348 827 368 843 ¹⁴
390 826 535 858 illustres.
558 827 638 867 Ergo
660 828 752 858 rebus
774 827 955 866 prudenter,
978 828 1111 866 fortiter,
1134 828 1361 868 magnificeque
1383 828 1476 868 gestis
1498 828 1597 866 gloria
1609 828 1630 845 ¹⁵
1652 838 1746 868 quae-

227 884 318 921 ritur,
340 894 402 914 11011
422 885 516 924 copiis
538 885 704 922 immensis,
725 888 782 916 aut
801 885 925 916 infinito
946 886 1100 916 exercitus
1122 896 1261 917 numero.
1285 885 1388 923 Quum
1409 889 1515 916 autem
1538 885 1707 925 gloriosum
1723 885 1745 902 ¹⁶

227 941 267 971 sit
281 942 404 972 vincere
426 942 529 979 urbes,
550 942 720 982 subjugare
741 943 905 979 exercitus,
928 943 1056 982 populos
1070 943 1103 973 in
1118 943 1269 974 ditionem
1281 943 1303 959 ¹⁷
1324 943 1474 982 accipere,
1496 945 1564 973 tum
1587 953 1660 974 vero
1682 952 1745 974 ma-

228 998 312 1029 xime
334 999 460 1038 quando
475 999 496 1016 ¹⁸
523 999 561 1030 ad
584 1000 676 1030 unius
697 999 829 1030 hominis
855 999 985 1039 gloriam
1007 1000 1133 1037 attinet,
1162 1000 1261 1031 claros
1284 1000 1366 1031 bello
1392 1000 1486 1031 duces
1511 1009 1673 1039 superasse
1695 1000 1745 1031 de-

224 1065 331 1086 corum
353 1058 408 1086 est.
437 1055 519 1086 Nam
540 1059 576 1086 ut
592 1057 613 1073 19
642 1056 766 1087 victoris
795 1057 988 1087 exercitusffi
1016 1067 1129 1097 magna
1158 1067 1231 1097 pars
1259 1057 1361 1088 laudis
1389 1057 1430 1088 ad
1458 1057 1570 1088 (lucem
1598 1057 1746 1097 pertinet,

227 1112 274 1144 ita
295 1113 370 1143 vieti
391 1113 464 1150 (lux,
486 1113 625 1153 alioquin
648 1113 761 1151 clarus,
782 1124 896 1154 magna
916 1114 985 1144 laus
1007 1117 1053 1145 est
1074 1115 1206 1145 victoris.
1228 1114 1282 1145 Est
1304 1114 1386 1145 enim
1407 1114 1440 1144 in
1458 1124 1493 1145 re
1514 1113 1637 1152 bellica,
1662 1114 1745 1144 utin

227 1171 336 1210 primis
358 1171 440 1202 nosti
460 1171 633 1201 maximum
647 1171 680 1201 in
693 1171 772 1202 duee
794 1174 996 1208 momentum,
1019 1172 1146 1212 quando
1166 1172 1304 1212 quidem,
1325 1174 1452 1212 praeter
1463 1172 1483 1189 2¹
1505 1174 1590 1203 artes
1610 1171 1743 1211 impera-

225 1228 331 1265 torias,
347 1238 429 1267 quae
444 1228 581 1259 militum
602 1228 730 1269 adjutae
751 1229 868 1259 virtute
889 1229 1059 1268 plurimum
1081 1240 1203 1270 semper
1216 1230 1239 1246 ²²
1260 1229 1376 1268 valent,
1397 1229 1497 1260 solum
1518 1230 1622 1269 ipsum
1647 1238 1742 1270 Saepe

229 1285 317 1316 ducis
333 1295 455 1322 nomen,
469 1296 567 1325 quum
578 1286 600 1303 ‘²³
617 1288 662 1317 est
672 1286 805 1323 illustre,
820 1297 918 1326 parva
934 1287 962 1317 vi
978 1287 1115 1318 maxima
1129 1287 1214 1319 bella
1228 1287 1369 1319 oonseeit.
1382 1287 1445 1317 Η111
1458 1289 1542 1318 recte
1558 1286 1709 1318 Chabrias
1721 1287 1744 1303 ²⁴

229 1346 299 1383 post
320 1343 464 1373 navalem
478 1343 511 1373 in
525 1342 616 1374 Naxo
636 1353 774 1383 pugnam
795 1343 898 1375 dicere
912 1344 1042 1381 solebat,
1062 1345 1285 1376 terribiliorem
1301 1355 1365 1376 esse
1386 1344 1560 1376 exercitum
1582 1353 1744 1376 cervorum

230 1400 361 1431 ductore
382 1400 480 1437 leone,
502 1410 597 1440 quam
618 1401 744 1432 leonum
765 1401 896 1432 ductore
917 1411 1015 1433 cervo.
1037 1402 1084 1433 Tu
1100 1402 1197 1442 igitur
1218 1412 1290 1433 011111
1302 1403 1324 1420 ²⁵
1344 1412 1427 1434 nunc
1441 1402 1552 1433 ducem
1567 1401 1677 1438 vicisti,
1694 1402 1748 1441 qui

231 1458 264 1488 in
286 1458 391 1489 Gallia
412 1459 558 1498 primum,
585 1461 714 1498 totoque
735 1458 911 1496 Occidente,
932 1460 976 1491 rei
999 1459 1131 1491 bellicae
1159 1460 1243 1491 fama
1264 1460 1455 1491 clarissimus
1483 1460 1671 1496 habebatur,
1694 1459 1750 1499 qui

232 1515 355 1555 pridem
366 1516 388 1532 ²⁶
411 1515 523 1556 Cyprio
534 1516 556 1532 ²⁷
577 1515 656 1556 Regi
670 1516 786 1547 inferre
801 1516 953 1547 bellun1²³
975 1518 1164 1555 minabatur,
1180 1517 1234 1557 qui
1248 1517 1432 1549 Saladinum
1449 1517 1602 1548 lacessere
1613 1517 1636 1534 ‘²⁹
1656 1526 1751 1548 ausus

232 1576 280 1604 est
290 1573 322 1610 ³⁰,
343 1573 397 1612 qui
417 1572 539 1614 Syriam
559 1573 682 1611 invasit,
703 1574 758 1613 qui
780 1575 908 1605 Beriton
919 1576 940 1592 ³¹
963 1575 1088 1613 delevit,
1103 1575 1157 1615 qui
1178 1575 1283 1615 spoliis
1304 1578 1433 1606 onustus
1447 1578 1478 1606 et
1494 1574 1593 1615 gloria
1611 1574 1753 1606 victricia

232 1630 322 1670 signa
343 1630 509 1661 referebat.
531 1631 588 1661 His
609 1631 692 1662 enim
713 1631 766 1662 ille
780 1632 803 1649 ³²
824 1631 1047 1663 foelicitatibus
1068 1632 1171 1665 elatus
1185 1633 1218 1670 ³³,
1242 1632 1329 1664 nullo
1351 1632 1468 1664 indicto
1496 1632 1588 1670 bello,
1620 1634 1749 1663 tuarum

232 1688 359 1718 navium
389 1688 528 1725 classem,
557 1698 638 1728 quae
658 1691 773 1728 pacata
792 1689 994 1729 sequebatur,
1026 1690 1154 1722 adortus
1182 1693 1228 1722 est
1260 1700 1448 1731 expugnare.
1482 1690 1529 1721 Tu
1562 1699 1645 1726 vero,
1677 1698 1748 1720 cum

245 1905 253 1921 ¹
276 1904 320 1932 ΒΓ.
341 1905 401 1938 )ῐο;
421 1904 476 1932 l’P.
497 1904 591 1938 spazio
611 1904 710 1932 bianco
729 1904 795 1933 dove
815 1908 911 1940 questa
931 1913 978 1939 pa·
1016 1907 1036 1923 ¹⁷
1056 1905 1107 1934 266
1121 1906 1241 1934 ditiones

270 1948 330 1975 rola
348 1948 419 1982 dopo
439 1948 514 1976 enim
1012 1952 1033 1968 ¹²¹
1051 1951 1104 1978 Nei
1124 1951 1211 1979 codici
1231 1960 1245 1979 e
1267 1951 1296 1978 in
1313 1951 1385 1978 Mur.
1404 1951 1488 1986 quod,
1507 1959 1521 1978 e
1540 1950 1658 1979 talvolta
1677 1950 1756 1977 entro

244 1994 255 2011 ²
276 1993 321 2020 Gr.
342 1992 373 2020 R.
393 1992 447 2021 ΡΡ,
469 1992 512 2019 Br.
533 1992 594 2020 PM.
613 1993 763 2025 referatur
1047 1996 1186 2030 parentesi
1201 1995 1263 2023 sino
1276 1995 1334 2023 alla
1347 1995 1442 2030 parola
1455 1996 1557 2023 (attinet

245 2038 256 2055 3
276 2037 330 2065 PP.
352 2037 482 2071 tandem,
503 2037 573 2065 Mur.
588 2038 664 2066 Ram.
679 2046 693 2064 e
713 2038 759 2067 Gr.
780 2041 891 2074 tamem
912 2040 975 2068 Cosi
1014 2041 1035 2057 ¹⁹
1056 2040 1108 2067 ΡΡ,
1122 2049 1187 2068 cnm

272 2082 317 2110 ΒΥ.
332 2090 345 2109 e
360 2081 419 2109 PM.
1015 2085 1038 2101 ²⁰
1056 2083 1132 2112 Ram.
1147 2085 1272 2112 (lactoris
1285 2085 1424 2113 exercitas

247 2127 256 2143 ⁴
277 2126 322 2154 Gr.
338 2127 383 2153 ΒΓ.
398 2126 458 2154 PM.
474 2126 528 2154 ΡΡ,
542 2126 594 2154 408
607 2127 651 2154 Ac
1014 2130 1034 2147 ²¹
1055 2129 1115 2164 266,
1133 2129 1185 2157 408
1199 2131 1320 2165 propter

246 2172 257 2188 ⁵
276 2170 330 2198 ΡΙ).
350 2170 421 2205 {luia
1012 2176 1034 2192 Ἡ
1053 2174 1105 2202 266
1124 2174 1241 2207 adjutae
1253 2174 1417 2209 plurimum
1436 2174 1540 2202 virtute
1559 2180 1670 2207 semper

246 2216 257 2232 ὃ
277 2215 354 2242 llam.
373 2216 517 2249 comperta
1016 2220 1038 2237 ²³³
1057 2219 1111 2248 ΡΡ,
1130 2220 1214 2254 cujas

246 2261 257 2277 ⁷
275 2259 327 2286 266
340 2268 353 2287 e
366 2259 418 2286 408
431 2259 634 2288 claritudinem
1015 2265 1037 2282 ²⁴
1056 2264 1127 2293 Mur.
1146 2263 1308 2298 thvbrms;
1328 2263 1374 2292 nei
1387 2264 1444 2292 cod.
1458 2263 1590 2292 Ham-ms
1603 2271 1616 2290 e
1629 2261 1751 2290 habenis¹

247 2305 258 2321 ⁸
276 2303 346 2331 Mur.
364 2303 569 2332 claritudinem
588 2305 728 2341 attinyere
1016 2310 1039 2327 ‘2⁵
1058 2308 1111 2337 ΡΡ,
1131 2309 1176 2337 Br.
1196 2308 1257 2336 PM*
1277 2308 1322 2337 Gr.
1342 2316 1408 2336 cum

247 2349 257 2366 ⁹
277 2348 323 2375 Gr.
346 2348 390 2376 ΒΓ.
411 2348 471 2376 ΡΜ.
491 2348 546 2377 ΡΡ,
567 2349 644 2378 Ram.
664 2350 753 2379 classe
770 2358 926 2381 numerosa
1013 2355 1036 2372 ²⁶
1055 2353 1131 2381 Ram.
1153 2353 1198 2381 ΒΥ.
1219 2353 1279 2380 ΡΜ.
1298 2353 1359 2386 266,
1376 2352 1438 2385 408,
1459 2353 1504 2381 Gr.
1525 2352 1579 2380 PP.
1593 2351 1694 2387 pridie

234 2393 256 2410 ¹⁰
275 2392 354 2420 26130
367 2393 419 2420 408
427 2393 571 2427 probitate
584 2394 710 2422 militum
1013 2399 1035 2416 2⁷
1053 2398 1113 2433 266,
1133 2398 1210 2426 Ram.
1236 2397 1331 2433 Cypro

236 2438 255 2454 ¹¹
277 2436 329 2464 Nei
343 2437 430 2464 0011101
444 2437 501 2465 nisi
1016 2443 1038 2460 ‘2⁸
1056 2442 1108 2470 266
1127 2442 1232 2470 bellum
1252 2443 1363 2476 inferre

235 2482 256 2499 ¹2
276 2481 329 2508 Nei
342 2481 429 2509 codici
445 2490 500 2509 non
515 2482 638 2516 suerunt
1015 2488 1038 2505 ²⁹
1056 2487 1102 2515 Gr.
1122 2487 1177 2515 ΡΡ,
1197 2487 1242 2514 Br.
1262 2487 1322 2515 PM.
1342 2488 1419 2516 Ram.
1439 2488 1580 2516 incessere

235 2526 257 2543 ¹³
276 2526 322 2554 Gr.
336 2526 381 2554 ΒΥ.
395 2525 456 2555 PM.
470 2528 509 2561 εἰς
522 2527 600 2556 Ram.
614 2528 675 2562 266,
689 2529 743 2558 408
754 2531 787 2558 ut
1016 2533 1038 2551 ³0
1057 2531 1112 2560 ΡΡ,
1132 2533 1177 2561 Br.
1197 2532 1258 2561 PM.
1278 2532 1355 2560 Ram.
1375 2532 1421 2561 Gr.
1440 2533 1519 2561 visus
1537 2534 1579 2561 est

235 2571 255 2587 ¹⁴
275 2570 321 2598 ΒΓ.
336 2570 396 2599 PM.
411 2570 485 2598 Ram.
501 2580 601 2599 aarum
1014 2578 1035 2595 ³¹
1057 2577 1110 2604 ΡΡ,
1130 2577 1176 2606 Br.
1197 2577 1256 2606 PM.
1277 2577 1353 2605 Ram.
1374 2577 1419 2606 Gr.
1439 2576 1562 2606 Beritho

235 2614 257 2632 ¹⁵
276 2614 331 2642 ΡΡ,
343 2614 470 2650 ylariani
1013 2622 1036 2639 ³²
1056 2621 1109 2650 ΡΡ,
1128 2630 1210 2649 senza
1230 2622 1280 2650 ille

235 2658 257 2676 ¹⁶
275 2658 352 2687 Ram.
363 2659 537 2694 gloriossima
1011 2667 1034 2684 ³³
1054 2666 1100 2694 Gr.
1119 2665 1180 2701 266,
1199 2666 1252 2694 408
1271 2666 1368 2695 clarus
1386 2674 1435 2702 per
1455 2667 1549 2696 elatus
