1845 3076
269 174 308 204 86
900 181 925 204 Ρ.
949 181 975 203 P.
996 181 1146 204 VERGERIO

268 275 398 296 munere
417 265 591 305 quidquam
606 264 718 295 dicere.
740 264 817 295 Cum
833 264 915 294 enim
931 267 1119 303 postremam
1141 265 1292 304 epistolae
1307 267 1381 295 tuae
1396 267 1519 305 partem
1534 264 1680 305 legerem,
1696 275 1781 305 quae

270 333 393 354 omnem
413 322 478 352 veri
500 321 614 353 amoris
642 321 831 352 suavitatem
853 321 982 358 redolet,
1011 324 1102 352 tanta
1122 332 1191 352 sum
1218 322 1362 361 perfusus
1384 322 1558 359 alacritate,
1586 325 1622 353 ut
1642 323 1694 353 vix
1714 323 1779 362 ipse

268 389 391 410 mecum
411 379 614 410 constiterim.
643 378 714 410 Non
734 378 860 418 quidem
883 377 965 418 quod
987 378 1148 410 accessisse
1169 378 1341 418 quidquam
1369 379 1526 410 amicitiae
1547 382 1672 410 nostrae
1700 379 1780 410 arbi-

269 439 384 473 trarer,
404 438 461 467 aut
481 446 537 476 ego
557 446 640 467 nuuc
662 435 798 475 primum
818 445 908 466 nosse
929 438 960 466 te
976 435 1144 475 caepissem
1166 436 1276 476 quanti
1299 445 1387 472 esses,
1411 438 1627 476 quantumque
1641 446 1689 467 me
1709 436 1777 467 dili-

270 503 380 533 geres;
400 492 455 523 sed
467 493 543 532 quia
556 493 736 533 cogitarem,
758 492 859 532 qualis
880 492 990 523 futura
1011 495 1089 523 esset
1102 493 1167 524 vita
1187 493 1243 523 illa
1258 493 1341 523 inter
1360 503 1424 529 nos,
1444 493 1484 524 ad
1500 504 1595 532 quam
1615 503 1664 524 me
1680 503 1780 531 vocas,

270 561 430 590 quamque
445 560 544 590 spero,
560 550 619 580 nisi
634 550 755 580 coelum
777 550 942 580 adversum
958 550 1008 586 sit,
1029 550 1209 589 propediem
1224 550 1313 581 nobis
1334 550 1527 589 exigendam.
1551 551 1629 581 Mihi
1643 551 1779 591 quidem,

269 607 346 637 dum
367 607 471 638 animo
492 607 580 637 illam
601 607 798 646 complector,
819 606 898 637 nihil
919 606 1017 638 videri
1037 610 1141 646 potest
1162 607 1374 646 tranquillius,
1396 606 1474 637 nihil
1496 608 1629 638 suavius.
1651 608 1719 638 Erit
1731 618 1781 639 vo-

269 664 376 695 luntas
398 664 517 701 eadem,
545 674 627 704 quae
647 674 770 703 semper
789 674 854 694 una
874 664 946 701 fuit,
973 663 1103 695 affectus
1123 675 1191 704 par,
1221 665 1399 695 communia
1424 664 1531 695 studia
1546 665 1565 701 ¹,
1596 668 1780 702 commenta,

270 721 392 759 solatia,
412 731 507 752 curae
534 724 674 758 mutuae,
695 721 873 760 mixtaeque
887 721 896 737 ²
916 721 1100 760 voluptates.
1124 721 1163 752 Et
1184 721 1319 760 denique
1339 721 1444 752 omnia
1464 722 1547 752 inter
1568 732 1623 752 nos
1645 732 1781 753 commu—

270 779 355 810 niter
373 779 460 810 fient.
483 778 571 816 Quod
585 779 596 795 ³
617 779 642 808 si
664 778 806 809 futurum
828 781 875 809 est
895 778 1076 817 aliquando,
1104 779 1193 818 cujus
1213 788 1313 817 paene
1333 778 1410 809 mihi
1437 781 1522 809 certo
1543 788 1612 818 spes
1634 781 1690 815 est,
1712 789 1781 810 eon-

271 846 387 876 sequa-1·
400 835 484 876 quod
504 845 659 866 summum
675 835 707 865 in
722 835 788 866 vita
808 835 950 866 desidero
964 845 970 871 ;
992 836 1016 865 si
1032 836 1144 872 minus,
1157 835 1214 866 hoc
1234 835 1338 875 ipsum
1354 846 1480 875 sperare
1501 839 1618 873 tamen,
1639 838 1672 867 et
1684 836 1781 867 vitam

270 894 353 924 hanc
368 894 522 933 effingere,
536 893 642 933 magui
655 892 731 923 mihi
742 903 814 933 pars
826 896 873 923 est
887 893 1065 933 voluptatis.
1080 893 1224 933 Intelligo
1239 896 1345 924 autem
1360 893 1482 933 impleri
1497 904 1581 924 nune
1595 904 1658 924 non
1671 903 1761 933 posse
1771 894 1781 910 ⁴

268 951 328 982 hoc
348 960 511 983 commune
531 950 721 981 desiderium
743 950 808 981 siue
829 960 943 990 magna
964 950 1138 981 studiorum
1154 960 1304 988 meorum,
1326 950 1627 990 existimationisque
1645 951 1780 990 jactura.

270 1008 335 1039 Etsi
357 1008 439 1039 enim
461 1007 545 1047 apud
566 1018 617 1038 vos
639 1008 680 1038 sit
700 1008 748 1038 vir
768 1007 964 1038 doctissimus
985 1007 1128 1037 dominus
1150 1007 1408 1039 Bartholomaeus
1422 1007 1462 1039 de
1476 1007 1616 1046 Saliceto,
1633 1019 1652 1038 a
1667 1018 1730 1048 quo
1751 1011 1784 1039 et

271 1066 369 1096 civilis
385 1065 466 1106 juris
487 1066 662 1096 doctrinam
684 1068 716 1096 et
736 1065 972 1096 commentarios
988 1075 1007 1095 a
1027 1075 1059 1096 se
1080 1065 1187 1101 factos,
1203 1075 1281 1104 quos
1302 1065 1439 1105 explicat
1456 1066 1476 1102 ⁵,
1497 1065 1638 1105 accipere
1658 1066 1782 1105 possim,

269 1133 384 1162 magna
411 1126 517 1154 tamen
546 1123 625 1154 bene
654 1122 793 1153 discendi
821 1132 894 1162 pars
928 1126 974 1152 est
1003 1122 1119 1153 habere
1150 1122 1272 1159 multos,
1301 1133 1370 1153 cum
1399 1123 1513 1162 quihus
1534 1123 1572 1153 de
1599 1123 1786 1154 comunibus

246 1208 250 1211 .
271 1180 382 1211 studiis
397 1180 537 1211 conferre
553 1180 648 1220 possis
657 1180 675 1210 ⁶.
694 1180 811 1211 Crescit
826 1180 907 1210 enim
923 1190 960 1210 ex
975 1180 1172 1210 contentione
1189 1180 1318 1217 animus,
1333 1183 1539 1220 augeturque,
1554 1183 1590 1211 ut
1606 1180 1637 1210 111
1652 1181 1784 1211 caeteris

269 1237 363 1269 rebus
384 1237 508 1268 evenire
529 1237 617 1274 solet,
639 1247 677 1268 ex
698 1237 864 1268 collatione
885 1236 988 1267 fervor
1009 1237 1194 1274 studiorum,
1225 1237 1351 1277 quando
1373 1237 1507 1277 quisque
1529 1238 1612 1269 inter
1633 1238 1783 1278 aequales
1829 1271 1833 1275 ⁴

269 1305 341 1326 suos
357 1294 509 1326 excellere
524 1298 555 1325 et
569 1295 690 1326 clarus⁷
711 1295 819 1325 haberi
835 1294 1004 1325 contendit.
1021 1294 1116 1334 Cujus
1131 1295 1176 1325 rei
1190 1295 1296 1334 inopia
1311 1305 1404 1334 penes
1419 1305 1471 1326 vos
1487 1298 1542 1332 est,
1559 1305 1578 1326 a
1592 1295 1781 1335 quibusdam

269 1353 388 1383 civibus
407 1353 469 1383 tuis
490 1352 622 1383 indoctis
644 1355 676 1383 et
697 1363 769 1383 vere
790 1352 1041 1391 imprudentibus
1062 1351 1182 1383 effecta.
1204 1352 1302 1383 Penes
1323 1362 1379 1383 nos
1399 1362 1472 1383 vero
1493 1352 1634 1393 ejusdem
1649 1353 1660 1369 ⁸
1681 1353 1780 1392 copia.

274 1410 396 1441 Deinde
410 1410 420 1425 ‘³
442 1409 589 1449 quoniam
611 1409 643 1439 in
668 1409 770 1440 medio
788 1409 964 1440 studiorum
986 1419 1064 1446 sum,
1086 1409 1203 1449 siquid
1223 1409 1389 1449 aggredior
1403 1419 1500 1440 novae
1522 1410 1576 1446 rei,
1598 1410 1780 1441 inconstans

269 1467 381 1499 haberi
408 1477 527 1507 possem
550 1470 581 1498 et
602 1467 702 1498 facilis
729 1467 834 1497 animi.
864 1466 953 1504 Quod
982 1467 1093 1497 vitium
1116 1469 1148 1497 et
1169 1467 1277 1497 abesse
1298 1477 1317 1497 a
1338 1477 1387 1497 me
1415 1477 1547 1506 semper,
1575 1467 1620 1498 ita
1648 1470 1680 1498 et
1701 1468 1721 1484 ¹¹¹
1742 1478 1782 1498 ne

269 1525 401 1555 minima
428 1525 553 1564 quidem
583 1524 756 1564 suspicione
782 1524 953 1561 0011111101Η
983 1523 1060 1554 volo.
1088 1523 1170 1561 Quid
1197 1524 1229 1554 111
1251 1524 1367 1555 aemuli
1393 1524 1454 1554 mei
1474 1524 1624 1562 dicerent,
1652 1525 1678 1556 si
1705 1535 1783 1564 quos

269 1582 380 1618 habeo,
401 1585 458 1613 aut
480 1582 575 1613 etiam
594 1582 616 1612 ii
636 1581 695 1621 ipsi
712 1583 741 1619 ¹²,
763 1592 840 1621 quos
861 1581 1004 1621 0111110110
1025 1592 1074 1612 1110
1089 1581 1169 1612 bene
1189 1582 1321 1620 opinari,
1342 1581 1367 1611 si
1383 1581 1508 1612 deserta
1529 1581 1649 1619 Padua,
1671 1582 1781 1613 Ferra-

270 1640 359 1675 riam,
381 1639 464 1670 unde
478 1639 588 1670 literae
605 1650 642 1669 ex
657 1639 758 1670 edicto
769 1640 874 1679 jussae
888 1641 960 1669 sunt
976 1639 1113 1676 exulare,
1128 1639 1303 1670 studiorum
1318 1640 1421 1679 gratia
1435 1639 1568 1670 venero?
1582 1639 1642 1671 Sed
1655 1642 1779 1679 tempus

272 1697 332 1728 erit
352 1696 543 1736 propediem,
564 1699 600 1727 ut
616 1697 636 1713 ¹³³
658 1707 727 1727 011111
744 1697 762 1713 ¹⁴
785 1707 885 1736 neque
908 1696 1073 1731 auditorio,
1104 1706 1206 1736 neque
1227 1697 1400 1730 comitibus,
1433 1697 1488 1736 qui
1509 1700 1674 1734 exacuant,
1703 1707 1781 1737 opus

272 1754 340 1789 erit,
363 1754 438 1794 quin
456 1755 477 1771 ¹5
500 1757 531 1785 et
551 1756 622 1785 tute
642 1757 673 1784 et
694 1764 764 1784 cum
786 1754 887 1784 multa
907 1753 1001 1784 luude
1023 1754 1143 1784 efficere
1165 1753 1223 1784 hoc
1244 1754 1367 1793 possim.
1390 1754 1523 1791 Interea,
1553 1755 1610 1785 etsi
1632 1754 1783 1785 distantia
1808 1751 1811 1755 ’

270 1811 331 1842 sint
356 1821 497 1851 corpora,
518 1811 642 1842 animus
665 1814 769 1842 tamen
789 1811 917 1850 junctus
939 1814 993 1842 est.
1018 1811 1104 1842 Vale.

282 2320 289 2336 ¹
313 2318 365 2345 PP.
386 2316 507 2349 affin-tas
520 2324 576 2350 per
595 2314 729 2342 mummia
747 2314 845 2341 simlia
1058 2318 1068 2329 ⁴¹
1088 2315 1142 2343 PP.
1163 2315 1262 2343 omette
1281 2315 1299 2343 il
1319 2315 1419 2343 deinde

280 2364 290 2380 ‘2
313 2363 353 2389 nr.
370 2361 430 2388 PM.
446 2361 636 2393 nicaenaeque,
652 2358 705 2385 ΓΡ.
721 2360 890 2392 matt-«eque
904 2359 1008 2385 mistae
1045 2361 1066 2377 ¹0
1086 2359 1135 2386 Ila
1153 2362 1187 2393 et,
1207 2360 1321 2387 rafforzu,
1339 2359 1358 2387 l*
1370 2362 1395 2387 ct

304 2405 415 2434 consus«¹
435 2404 556 2436 insieme,
576 2401 715 2430 condivise
1045 2405 1063 2420 ¹¹
1087 2404 1141 2432 PP.
1161 2404 1266 2438 allium

278 2454 288 2467 ³¹
311 2451 362 2478 11‘P.
383 2450 423 2478 Et
441 2449 466 2476 si
1045 2450 1065 2466 ¹2
1086 2448 1138 2475 Xei
1157 2448 1243 2476 codici
1263 2448 1304 2483 si,
1324 2448 1389 2476 altri
1403 2447 1489 2476 codici
1509 2457 1583 2477 come
1598 2451 1702 2478 amiota
1722 2450 1782 2479 PM.

279 2496 288 2511 ⁴
309 2494 370 2522 PM.
390 2501 467 2520 minc
480 2500 565 2527 posse
1087 2492 1109 2527 Q
1122 2502 1158 2528 ης
1178 2492 1271 2520 invece
1291 2493 1381 2520 codice
1401 2492 1484 2520 citato
1505 2493 1539 2521 da
1559 2494 1614 2522 PP.
1634 2494 1670 2522 ha
1690 2495 1711 2522 iz·

278 2541 289 2557 ⁵
311 2539 362 2566 PP.
383 2538 527 2571 arplscwct
1048 2538 1068 2553 ¹³³
1095 2535 1131 2563 {ft
1149 2536 1235 2563 anche
1254 2535 1383 2564 avverbio
1404 2536 1431 2563 di
1451 2538 1549 2571 tempo,
1564 2546 1577 2565 e
1590 2538 1651 2566 vale
1670 2539 1784 2574 quando

278 2584 288 2599 ὓ
311 2582 363 2610 FP.
377 2589 462 2616 posse
1047 2581 1067 2597 ¹⁴
1087 2580 1141 2607 PP.
1161 2581 1260 2608 omette
1281 2580 1300 2607 il
1319 2589 1383 2608 cum

278 2628 287 2643 7
313 2626 363 2654 PP.
384 2625 493 2652 clarius
1047 2626 1069 2642 ¹5
1091 2624 1174 2660 Quin,
1194 2626 1272 2661 anzi,
1303 2626 1339 2653 Bi·
1367 2636 1383 2660 'l
1399 2635 1435 2662 n,
1462 2626 1523 2655 PM.
1543 2627 1698 2663 quoniam3
1727 2627 1790 2656 PP„

278 2673 288 2687 ⁸
307 2669 359 2697 Nci
379 2668 466 2698 codici
487 2668 585 2703 decus,
604 2668 696 2703 spatio
718 2667 815 2695 biauco
835 2668 879 2695 nel
900 2668 954 2696 PP.
1080 2669 1195 2704 quando
