1845 3076
728 165 865 189 EPIS‘mLE
1509 155 1548 186 49

733 323 859 354 XXXII.

396 431 724 464 ALDROVANDINO
747 432 800 462 DE
823 431 1030 463 FERRARIA
1059 431 1086 463 S.
1110 431 1143 462 P.
1165 431 1200 462 D.

543 515 673 545 PADUAE,
696 515 747 537 vin
770 515 836 538 KAL.
858 515 968 544 sums,
991 507 1075 537 1396.

251 582 316 616 (Br.
329 591 361 618 p.
381 582 438 615 18;
469 598 500 602 —
522 582 605 609 Ram.
620 590 651 617 p.
670 582 708 609 :38
729 583 765 615 !.;
786 598 817 601 —
850 581 921 609 PM.
941 590 961 608 c.
982 581 1019 608 81
1031 583 1068 614 t.,·
1100 597 1131 600 —
1163 581 1226 608 ΡΡ.
1245 589 1273 608 n.
1293 581 1351 614 53.)

126 671 166 702 Et
185 670 350 710 superioris
370 670 519 701 adversae
550 669 737 701 valetudinis
759 671 790 700 et
810 668 952 700 redditae
971 668 1127 708 sospitatis
1148 678 1228 699 unus
1257 669 1385 699 nuntius
1407 668 1476 705 fuit,
1497 668 1552 708 qui

47 728 140 759 simul
170 730 201 759 et
222 729 261 759 de
280 727 382 758 salute
402 727 557 758 laetitiam
579 729 611 758 et
631 727 670 757 de
691 726 887 767 aegritudine
908 736 1078 757 moerorem
1099 725 1235 766 ingessit.
1267 724 1334 763 Quo
1356 726 1437 756 enim
1459 727 1551 765 pacto

47 785 116 817 fieri
137 787 247 825 posset,
269 785 394 824 quando
414 794 488 815 vera
508 785 603 815 vera¹
623 784 728 824 jungit
749 783 896 821 amicitia,
916 786 952 814 ut
972 793 1034 814 non
1054 783 1191 813 omnium
1203 783 1214 800 ²
1235 785 1268 813 et
1281 782 1506 813 adversitatum
1520 784 1551 813 et

48 842 292 883 prosperitatum
312 841 480 881 participes
494 842 505 858 ³
526 842 683 872 essemus?
704 842 768 871 Aut
789 851 870 880 quae
891 843 982 871 tanta
1003 840 1084 871 ratio
1098 839 1221 870 munire
1242 849 1296 870 nos
1311 839 1364 869 in⁴
1387 843 1552 879 utramque

48 898 206 930 fortunam
221 901 326 939 queat,
340 901 376 929 ut
389 908 451 929 non
465 898 595 929 alterius
609 898 774 929 commodis
793 897 1055 937 incommodisque
1077 896 1276 928 moveamur?
1290 896 1330 927 Et
1343 906 1417 927 sane
1432 896 1551 926 dudum

48 955 130 987 male
150 956 252 987 nescio
266 955 342 996 quid
363 965 450 986 mens
462 955 689 995 suspicabatur,
710 955 793 994 quod
808 965 910 994 neque
925 955 1072 985 nuntium
1094 964 1196 994 neque
1216 954 1323 985 literas
1344 953 1450 990 dabas
1470 963 1553 984 cum-

45 1023 107 1053 que
128 1013 203 1043 mihi
235 1012 425 1053 persuadere
452 1013 574 1050 vellem,
604 1012 719 1044 idcirco
749 1011 900 1043 offensum
923 1015 955 1043 te
984 1021 1059 1049 esse,
1082 1014 1178 1051 atque
1199 1011 1238 1043 ob
1259 1011 1292 1042 id
1313 1011 1391 1042 nihil
1411 1010 1552 1048 reddere,

45 1069 127 1110 quod
149 1070 359 1109 superioribus
386 1070 521 1110 epistolis
544 1070 672 1101 liberius
695 1072 798 1101 tecum
813 1069 936 1109 egerim.
958 1069 1089 1099 Animus
1104 1072 1211 1100 tamen
1225 1068 1302 1099 nihil
1317 1068 1429 1099 horum
1443 1067 1552 1099 admit—

44 1129 112 1158 tere
134 1130 267 1167 poterat.
289 1127 349 1159 Sed
366 1128 433 1168 jam
447 1128 457 1144 ³
476 1128 552 1167 jam,
576 1128 693 1167 gratias
713 1127 789 1164 Deo,
812 1130 844 1158 et
858 1127 951 1157 timor
967 1127 1066 1158 omnis
1080 1129 1111 1157 et
1136 1126 1268 1166 suspicio
1288 1125 1414 1157 sublata
1437 1127 1490 1156 est.
1513 1142 1552 1147 —

45 1185 223 1225 Aegrotasti
245 1188 276 1216 et
307 1185 460 1216 liberatus
480 1195 520 1216 es.
544 1185 590 1216 De
610 1185 780 1225 posteriore
801 1195 957 1215 summum
977 1184 1085 1215 laetor.
1107 1183 1279 1223 Aegi-itudo
1294 1185 1410 1219 autem,
1425 1183 1482 1214 etsi
1497 1192 1553 1223 per

44 1251 76 1273 se
97 1242 215 1272 malum
236 1242 389 1279 videatur,
410 1242 595 1282 plerumque
627 1245 733 1273 tamen
756 1242 950 1282 gravioribus
971 1242 1086 1273 morbis
1107 1251 1228 1281 corpus,
1253 1244 1285 1272 et
1304 1240 1367 1271 suis
1388 1240 1527 1271 animum
1542 1240 1553 1257 ⁶

44 1299 127 1330 vitiis
148 1302 269 1339 purgat.
294 1299 472 1330 Meminisse
492 1310 547 1330 nos
568 1299 645 1330 facit
665 1299 849 1330 conditionis
869 1299 1036 1336 humanae,
1057 1302 1089 1330 et
1102 1298 1185 1338 quod
1206 1308 1379 1338 numquam
1401 1307 1494 1328 sanus
1508 1297 1553 1328 in-

45 1355 230 1387 tellecturus
250 1356 319 1396 quis
340 1359 417 1395 erat,
449 1357 482 1387 in
502 1356 610 1387 labore
630 1356 878 1396 infirmitateque
900 1356 1064 1396 cognoscit.
1093 1355 1140 1387 Tu
1161 1366 1233 1396 ergo
1254 1355 1286 1385 in
1308 1355 1440 1386 caeteris
1460 1355 1553 1385 rebus

44 1413 193 1453 prudens,
213 1413 314 1444 isthac
334 1413 547 1445 invaletudine
561 1414 571 1430 ⁷
592 1424 648 1453 pro
669 1414 824 1445 medicina
845 1414 885 1444 sis
899 1414 910 1430 ⁸
930 1424 1012 1451 usus,
1035 1416 1067 1445 et
1086 1414 1111 1443 si
1130 1413 1205 1453 quid
1226 1415 1296 1444 erat
1317 1412 1400 1452 quod
1414 1414 1551 1443 mentem

44 1470 181 1507 inflaret,
202 1470 285 1510 quod
306 1470 400 1502 altius
421 1470 546 1503 efferret
567 1482 662 1512 quain
683 1471 803 1508 deceat,
824 1471 882 1502 hoc
904 1470 1045 1502 antidoto
1066 1470 1215 1501 diluatur.
1238 1469 1324 1501 Vale.

724 1729 867 1762 XXXIII.

331 1821 515 1854 JOANNI
548 1822 609 1852 DE
642 1821 874 1859 BONONIA,
907 1820 1135 1853 PHISICO⁹
1169 1821 1197 1853 S.
1232 1822 1269 1853 D.

555 1905 683 1934 rancis,
704 1905 770 1928 xxn
790 1905 939 1935 JANUARH,
962 1897 1048 1928 1391.

45 1971 112 2007 (ΒΓ.
128 1980 158 2006 μ
178 1972 216 1998 3ιῖ
237 1973 303 2001 1‘:—
317 1971 402 2001 Ram.
420 1981 446 2007 p,
467 1973 506 2000 Ω.-
522 1989 552 1991 -
573 1972 619 2000 Tr.
639 1973 656 1999 5
677 1981 704 2000 n.
718 1973 757 2005 7‚·
772 1989 803 1991 —
819 1972 870 2000 Gr.
889 1972 997 2005 172.28;
1014 1989 1040 1992 -
1057 1972 1127 2000 PM.
1147 1981 1168 2000 e.
1183 1973 1221 1999 99
1236 1974 1273 2005 l.;
1289 1989 1319 1991 —
1338 1972 1397 1999 ΡΡ.
1414 1981 1441 2000 72.
1457 1974 1511 2005 11:
1527 1990 1556 1993 —-

133 2024 166 2052 ed
183 2025 275 2059 Mur„
296 2025 331 2053 R.
346 2025 371 2052 I.
388 2025 415 2053 S⁴
438 2027 447 2052 ι*
477 2025 564 2058 XVI,
584 2034 605 2052 c.
619 2026 682 2052 (⁴2:20
697 2034 704 2058 ;
717 2042 747 2045 -
762 2026 796 2053 erl
821 2025 911 2054 Verci.
932 2025 975 2053 M.
1001 2025 1087 2059 Trita,
1108 2027 1125 2053 1.
1141 2024 1266 2058 XVIII,
1286 2025 1343 2053 doc.
1364 2026 1462 2061 1931),

123 2112 272 2143 Existimo
295 2115 325 2144 te
347 2112 501 2144 solicitum
523 2116 698 2152 expectare,
721 2113 819 2144 amice
840 2113 955 2152 optime
971 2114 1002 2150 ¹⁰,
1025 2116 1061 2144 ut
1082 2113 1118 2143 (le
1140 2113 1357 2152 praesentibus
1377 2113 1554 2144 rumoribus

47 2169 142 2210 hujus
162 2170 411 2210 periculosissimi
426 2170 510 2208 belli,
524 2171 555 2201 in
570 2181 641 2210 quo,
665 2170 834 2201 secuudum
848 2173 977 2201 eventus
991 2170 1100 2209 varios,
1122 2171 1338 2209 plurimarum,
1359 2181 1555 2210 magnarum-

46 2237 107 2266 que
124 2227 143 2244 ¹¹
165 2227 291 2258 urbium
311 2227 383 2258 hinc
404 2227 502 2258 dulcis
524 2228 663 2265 libertas,
684 2228 756 2258 inde
771 2227 952 2268 gravissima
973 2228 1104 2258 servitus
1116 2228 1176 2258 sita
1191 2230 1246 2264 est,
1261 2228 1375 2258 certior
1390 2238 1409 2258 a
1424 2237 1472 2258 me
1487 2227 1554 2259 fias.

48 2282 157 2324 Neque
177 2284 209 2315 id
231 2284 358 2324 quidem
378 2284 482 2315 miror.
513 2284 638 2323 Quanto
659 2285 741 2316 enim
774 2287 806 2316 et
826 2285 950 2316 nomine
972 2287 1003 2316 et
1024 2295 1058 2316 re
1090 2284 1220 2315 caeteris
1240 2285 1420 2316 nationibus
1439 2284 1551 2315 clarior

52 2403 60 2420 ¹
80 2402 134 2430 ΡΡ.
154 2411 207 2431 nos
225 2411 293 2431 vera
829 2405 839 2421 ⁷
857 2403 909 2431 Nei
928 2402 1032 2431 codici:
1051 2403 1082 2430 in
1101 2402 1262 2431 valetudine

50 2446 60 2464 ²
80 2446 134 2474 ΡΡ.
154 2447 248 2474 omnis
826 2450 836 2465 ὃ
856 2448 911 2476 ΡΡ.
931 2449 970 2475 sit

51 2489 62 2507 ³
81 2489 158 2517 Ram.
179 2498 192 2518 e
213 2490 266 2518 ΡΡ.
281 2491 427 2526 particeps
827 2493 838 2509 ⁹
858 2492 902 2520 ΒΓ.
923 2501 935 2519 e
956 2493 1001 2519 Gr.
1022 2491 1142 2526 Mzcgylae
1161 2491 1285 2519 Plzisz'co.

47 2533 58 2551 ⁴
77 2533 132 2561 ΡΡ.
151 2542 233 2561 senza
251 2534 304 2562 l'in
818 2537 839 2553 ¹0
858 2536 904 2563 Gr.
923 2545 936 2564 e
957 2536 1017 2563 PM.
1043 2535 1094 2563 Vir
1112 2535 1310 2564 eruditissime.

48 2577 60 2595 ⁵
78 2577 133 2605 ΡΡ.
152 2579 260 2606 seilicet
814 2581 833 2598 ¹¹
861 2580 1070 2614 Variarumqve
1089 2580 1116 2607 in
1137 2580 1209 2615 PP.;
1229 2589 1459 2615 maynarumque
1478 2580 1507 2608 in
1527 2581 1557 2608 P.

48 2622 59 2639 ⁶
77 2621 132 2649 ΡΡ.
153 2623 282 2651 omnibus
858 2625 904 2659 M„
924 2625 969 2653 ΒΓ.
989 2634 1002 2652 e
1023 2625 1093 2652 Mur.

1449 2705 1464 2733 7
