1845 3076
787 185 924 209 Emsrots
1555 173 1613 203 213

109 273 162 310 fui,
176 275 208 304 et
227 281 312 303 nunc
326 271 527 303 nihilominus
547 280 625 301 sum.
640 272 676 301 ut
689 270 714 300 si
728 271 734 286 ¹
751 270 895 300 abscessu
916 278 984 300 meo
1000 268 1152 299 unitatem
1171 268 1320 304 Ecclesiae,
1337 277 1399 298 non
1413 266 1482 297 dico
1497 267 1529 296 in
1545 276 1613 306 pro-

107 330 200 367 ximo,
223 339 295 360 nam
317 338 402 360 more
422 338 531 359 senum
547 337 602 367 ego
616 326 794 367 hujusmodi
807 326 816 342 ²
838 326 916 356 nihil
934 325 1031 362 video,
1045 325 1097 356 sed
1121 324 1291 365 aliquando
1306 324 1434 355 tandem
1452 324 1589 354 suturam
1603 325 1614 339 ‘⁵

111 386 258 422 viderem,
277 385 356 416 nihil
377 385 525 416 libentius
547 384 693 424 agerem¹
716 394 810 424 quam
831 383 913 423 quod
936 382 1007 412 hinc
1030 392 1078 412 me
1100 392 1194 422 quam
1217 382 1352 421 primum
1373 391 1466 412 cursu
1491 380 1615 411 velocis-

105 444 181 475 simo
202 443 403 484 proriperem.
439 442 554 485 Verum
574 441 688 473 aliter-³
709 451 740 471 se
763 443 891 472 excusat
910 440 964 480 qui
985 448 1109 470 causam
1130 438 1233 475 affert,
1266 449 1330 479 qua
1355 448 1443 479 aeque
1463 438 1616 469 cuilibetG

105 501 154 532 uti
174 501 254 532 licet.
280 500 390 531 Itidem
419 509 532 533 omnes,
554 498 681 535 scilicet,
705 498 808 530 dicere
830 501 862 528 et
883 508 965 529 nunc
986 501 1018 528 et
1044 500 1139 529 antea
1165 500 1319 537 poterant,
1343 497 1395 536 qui
1426 495 1615 526 manendum

109 558 166 589 sibi
195 557 436 589 constituissent.
457 556 516 587 Sed
544 566 614 587 cum
642 555 688 586 illi
710 558 757 587 tot
778 566 814 586 ac
836 555 918 586 tanti
938 555 1006 589 viri,
1029 555 1081 594 qui
1103 558 1307 591 secesserunt,
1328 554 1374 585 ita
1391 553 1613 593 judicaverint,

114 625 174 646 non
197 614 311 645 licere⁷
332 624 440 654 pacem
464 613 604 644 Ecclesiae
626 613 684 643 nisi
706 623 761 652 per
782 615 964 644 cunctorum
985 612 1186 643 secessionem
1209 611 1349 651 reparari
1362 613 1382 648 ⁸,
1407 611 1523 642 nemini
1551 611 1617 649 jam

109 672 156 704 fas
176 682 241 704 esse
261 671 398 702 arbitror
419 671 573 702 rationem
595 681 650 710 pro
671 680 702 700 se
725 669 865 705 reddere,
886 680 955 709 quae
975 669 1016 700 sit
1035 670 1156 700 czeteris
1177 669 1323 700 comunis.
1348 669 1386 699 Et
1404 678 1473 708 quae
1489 678 1558 699 cum
1574 667 1615 697 sit

108 730 139 760 in
162 729 311 760 universis
331 728 431 759 fallax
451 739 487 758 :ic
509 728 686 768 reprobata,
721 727 751 757 in
774 726 903 767 singulis
928 727 1055 766 probari
1083 730 1139 757 aut
1167 726 1275 757 efficax
1303 735 1367 756 esse
1394 735 1455 756 non
1484 728 1587 765 potest
1597 726 1617 755 ⁹.

109 786 219 827 Itaque
240 796 311 817 cum
332 786 371 816 sit
392 785 471 816 illud
504 796 621 821 verum,
650 785 707 816 hoc
733 794 859 824 quoque
886 783 1088 815 nihilominus
1110 794 1217 814 verum
1239 787 1294 819 est,
1317 783 1466 814 beneficio
1492 793 1540 813 me
1569 782 1620 813 hic

112 854 174 875 non
195 844 303 875 teneri.
327 843 393 882 Quo
414 843 495 874 enim
518 846 629 874 tenear
650 842 703 882 qui
725 842 764 873 ab
786 841 833 872 his
854 841 1039 872 beneficium
1060 840 1182 871 nullum
1203 844 1294 872 teneo
1316 843 1348 871 et
1369 840 1423 880 qui
1444 840 1556 879 cupide
1571 839 1621 870 be-

112 901 216 932 neficii
236 901 302 933 loco
323 900 467 932 ducerem
489 911 550 931 mm
569 899 661 931 adfici
677 899 816 939 injuria?
838 899 919 930 Nam
933 898 1033 930 officia
1047 898 1183 938 quidem,
1199 908 1268 938 quae
1283 907 1366 938 gero,
1380 897 1405 927 si
1421 897 1452 927 in
1468 897 1621 928 rationem

108 958 250 990 forsitam
271 957 471 989 deducantur
484 958 514 994 ¹¹¹,
536 957 677 997 quamvis
698 956 860 988 industriae
882 956 980 996 magis
1001 956 1129 995 praemia
1150 965 1245 995 quam
1271 955 1378 995 gratiae
1404 964 1535 985 munera
1562 954 1623 985 exi-

113 1015 235 1048 stimari
256 1015 380 1051 debent,
404 1019 510 1046 tamen
533 1025 551 1045 a
573 1015 798 1054 praedecessore
820 1014 913 1054 hujus
935 1013 998 1044 sere
1019 1013 1122 1044 omnia
1138 1013 1253 1052 accepi,
1270 1016 1300 1043 et
1316 1012 1470 1051 tantisper
1486 1012 1622 1042 fructum

113 1083 150 1104 ex
173 1073 220 1104 his
240 1073 348 1104 defero
361 1073 390 1109 ¹¹,
412 1083 482 1103 cum
504 1072 535 1102 in
554 1072 641 1103 curia
657 1082 775 1103 moram
790 1071 917 1102 trahere
933 1081 981 1102 me
996 1071 1156 1110 contingit,
1174 1073 1218 1107 ut,
1234 1069 1292 1100 nisi
1309 1079 1379 1100 mea
1395 1079 1489 1100 causa
1503 1079 1623 1105 maneo,

116 1140 212 1170 quum
234 1133 301 1161 tum
315 1130 336 1146 ¹2
357 1140 418 1161 non
438 1129 501 1160 sint
531 1129 562 1159 hi
590 1129 711 1160 fructus
736 1129 827 1165 tanti,
849 1131 1048 1168 acceptorum
1076 1128 1297 1159 beneficiorum
1326 1127 1428 1166 gratia
1455 1126 1623 1157 subsistere

112 1187 191 1218 nihil
213 1190 324 1218 tenear
336 1187 366 1217 ¹³.
389 1186 586 1227 Quapropter
607 1187 702 1217 miror
723 1196 910 1226 magnopere
931 1186 970 1216 de
991 1195 1040 1216 me
1061 1185 1240 1225 suspicatOS,
1263 1185 1352 1224 quasi
1377 1195 1425 1215 res
1454 1184 1529 1215 istas
1557 1193 1625 1223 pro-

112 1245 229 1281 barem,v
250 1254 423 1284 earumque
443 1244 624 1275 auctoribus
644 1245 851 1280 convenirem,
873 1253 892 1274 a
912 1243 1028 1283 quibus
1048 1253 1109 1273 nou
1132 1242 1222 1273 modo
1249 1241 1437 1273 beneficium
1458 1251 1518 1272 non
1540 1250 1624 1271 acce-

112 1301 235 1342 pissem,
257 1302 312 1332 sed
334 1311 390 1332 nec
412 1301 452 1332 ab
465 1311 572 1332 eorum
589 1301 704 1341 injuria
719 1304 806 1332 tutus
821 1310 928 1332 essem.
944 1301 1008 1331 Aut
1021 1301 1051 1336 ¹⁴,
1065 1299 1092 1330 si
1108 1299 1165 1330 hoc
1179 1309 1291 1339 parum
1306 1299 1411 1329 fuerat
1429 1301 1624 1337 argumento,

118 1362 233 1390 caetera
254 1358 510 1390 animadvertisse
532 1358 718 1389 debuerunt.
741 1358 804 1398 Ego
825 1358 917 1393 enim,
938 1368 956 1388 a
977 1358 1077 1397 primo
1103 1366 1235 1396 semper,
1262 1366 1331 1396 quae
1358 1356 1434 1386 mihi
1461 1355 1526 1386 visa
1551 1357 1627 1385 sunt

115 1416 156 1447 ad
178 1426 285 1456 pacem
308 1416 452 1447 Ecclesiae
475 1416 641 1456 pertinere,
663 1419 772 1456 aperte
794 1416 868 1452 dixi,
891 1418 923 1446 et
943 1425 1012 1454 quax
1034 1415 1067 1444 in
1089 1424 1126 1445 ea
1143 1424 1177 1445 re
1192 1417 1247 1445 aut
1262 1414 1329 1453 ipse
1345 1414 1427 1445 sensi
1441 1416 1497 1444 aut
1509 1412 1627 1444 sentire

117 1473 194 1504 alios
214 1473 268 1513 quj
290 1473 400 1505 melius
413 1474 577 1510 sentirent,
593 1473 811 1509 animadverti,
828 1473 951 1512 aperire
964 1473 985 1489 ¹⁵
1000 1475 1095 1512 atque
1110 1472 1141 1502 in
1157 1471 1294 1502 medium
1310 1471 1450 1510 proferre
1464 1480 1625 1510 nunquam

112 1530 315 1561 dissimulavi.
339 1530 421 1562 Nam
442 1534 474 1561 et
495 1534 570 1562 ante
597 1530 690 1571 hujus
711 1530 823 1561 summi
844 1529 999 1570 pontificis
1025 1529 1225 1565 creationem,
1246 1538 1316 1559 cum
1342 1527 1431 1559 sedes
1458 1527 1627 1567 apostolica

112 1590 248 1624 vacaret,
269 1598 365 1628 quam
387 1588 487 1619 libera
509 1598 577 1619 sum
600 1598 671 1619 voce
694 1590 895 1628 protestatus,
917 1597 956 1618 ne
977 1587 1191 1619 abstineretur
1207 1586 1368 1622 electione,
1383 1588 1480 1625 utque
1496 1585 1535 1616 de
1550 1595 1626 1625 pace

113 1645 343 1681 conveniretur,
364 1648 489 1685 tempus
510 1655 575 1676 esse
597 1655 694 1676 unum
715 1645 794 1676 illud
823 1644 1027 1685 aptissimum.
1051 1643 1162 1675 Postea
1190 1653 1263 1674 vero
1290 1653 1386 1683 quam
1414 1645 1460 1674 est
1488 1651 1630 1673 summus

117 1703 258 1743 pontifex
278 1703 406 1734 meliore
426 1713 480 1743 spe
503 1713 597 1743 quam
618 1705 732 1734 eventu
753 1705 886 1739 creatus,
902 1702 972 1742 quis
987 1712 1036 1732 me
1052 1711 1192 1741 unquam
1212 1700 1273 1732 nisi
1293 1710 1401 1740 pacem
1428 1700 1527 1740 ipsam
1551 1710 1631 1731 com-

114 1760 361 1796 mendantemffl,
383 1764 414 1791 et
436 1760 551 1800 quibus
574 1761 675 1791 verbis
696 1770 820 1800 quoque
847 1759 950 1790 studio
977 1762 1119 1799 poteram
1146 1760 1382 1798 promoventem
1409 1757 1539 1794 audivit,
1570 1767 1630 1788 nec

115 1817 226 1856 minus,
248 1817 272 1847 si
294 1817 365 1857 quis
385 1817 426 1848 ad
448 1828 517 1849 eam
538 1817 797 1857 impedimentum
817 1816 930 1848 afferre
951 1816 1119 1853 videretur,
1141 1818 1250 1856 aperte
1278 1815 1480 1846 damnantem
1493 1814 1537 1845 ¹⁷?
1561 1814 1631 1852 Qua

122 1886 160 1906 ex
182 1884 215 1906 re
237 1884 332 1915 grave
353 1874 429 1905 mihi
452 1875 649 1915 quorundam
670 1875 776 1906 odium
797 1874 948 1911 contraxi,
970 1874 1033 1904 sive
1055 1874 1130 1914 quia
1157 1883 1194 1904 ea
1214 1872 1276 1904 dici
1297 1883 1359 1904 non
1387 1872 1544 1912 placebat,
1567 1872 1632 1903 sive

124 1931 199 1973 quia
220 1942 269 1962 me
291 1932 348 1963 illa
367 1932 470 1963 dicere
492 1932 688 1973 indignum¹⁸
709 1932 949 1963 arbitrarentur.
972 1931 1072 1962 Taceo
1091 1940 1162 1971 quae
1183 1930 1242 1971 ipsi
1263 1940 1384 1961 summo
1404 1929 1554 1969 pontifici,
1569 1939 1631 1960 non

128 2000 133 2016 ⁴
157 1999 200 2026 ΒΓ.
220 1998 297 2026 Ram.
319 1999 378 2027 PM.
400 1999 454 2027 ΡΡ.
474 2000 611 2027 omettono
633 2000 666 2026 ut
682 1999 716 2032 si,
736 1998 855 2026 lascian-
903 2000 914 2016 ³
934 1999 979 2026 ΒΓ.
1000 2006 1013 2025 c
1035 1998 1095 2027 PM.
1113 1997 1254 2032 separari.
1274 1997 1329 2025 ΡΡ.
1347 1996 1452 2031 separi.
1469 1996 1546 2024 Ram.
1560 2003 1636 2031 sepe-

151 2043 213 2071 dovi
225 2043 319 2078 spazio
332 2043 428 2071 bianco
440 2052 487 2079 per
497 2043 545 2078 piu
557 2043 657 2078 parole.
667 2044 744 2072 Ram.
758 2045 857 2072 omette
928 2044 1000 2070 rari.
1024 2043 1084 2071 PM.
1109 2043 1230 2070 anneta:
1254 2052 1268 2066 α
1282 2041 1352 2069 forte
1371 2040 1507 2075 parari»
1528 2049 1542 2068 o
1562 2040 1634 2068 PR:

150 2087 196 2115 del
214 2087 282 2122 pari,
303 2096 346 2115 ma
366 2096 447 2116 senza
465 2088 560 2123 spazio
578 2087 683 2117 bianco.
930 2099 944 2112 «
959 2087 1029 2115 forte
1047 2087 1167 2122 sperari.
1181 2097 1194 2110 »

128 2133 139 2150 2
158 2132 339 2167 Hujusmodi
357 2140 464 2160 omesso
483 2132 526 2160 del
551 2133 620 2167 pari,
639 2141 653 2160 e
671 2132 742 2161 colla
766 2135 859 2161 stessa
905 2134 916 2150 ‘³
936 2133 1013 2160 Ram.
1032 2140 1090 2160 esse
1104 2132 1198 2166 potest

155 2175 304 2204 differenza
322 2176 366 2204 fra
386 2176 407 2204 il
426 2176 503 2205 Ram.
522 2185 537 2205 e
555 2177 597 2212 gli
615 2177 681 2205 altri
701 2177 795 2205 codici.
899 2178 920 2195 ¹⁰
939 2177 993 2206 ΡΡ.
1014 2176 1194 2204 deducuntur

131 2222 142 2238 ³
161 2220 216 2249 ΡΡ.
237 2220 372 2253 futurum
898 2223 917 2240 ¹¹
938 2222 993 2250 ΡΡ.
1012 2221 1120 2254 defero.
1140 2220 1217 2248 Ram.
1236 2220 1362 2255 aliquem
1380 2228 1414 2247 ρετ
1438 2219 1482 2247 leis
1500 2219 1571 2252 fert).
1590 2219 1637 2247 ΒΓ.

129 2266 139 2283 ⁴
159 2265 206 2293 ΒΓ.
225 2265 287 2294 ΡΜ.
308 2265 362 2294 ΡΡ.
381 2274 496 2301 aqerem
515 2288 521 2294 .
541 2289 546 2294 .
567 2289 573 2294 .
594 2287 600 2293 .
620 2266 696 2294 nihil
719 2266 861 2296 libentius.
934 2266 995 2294 PM.
1013 2274 1047 2293 eac
1066 2265 1111 2292 his
1128 2265 1252 2300 aliquem
1269 2265 1332 2298 fero

154 2309 233 2344 Ram.
253 2317 327 2338 come
346 2309 420 2337 nella
438 2310 544 2338 dizione
563 2310 681 2346 seg-uita.
899 2313 920 2329 ¹²
940 2310 993 2339 Nei
1012 2309 1099 2339 codici
1119 2311 1221 2337 tamen.
1243 2310 1311 2336 Pare
1331 2309 1359 2335 in
1379 2308 1456 2336 Ram.
1475 2310 1534 2335 lum

130 2355 141 2372 ⁵
159 2353 246 2381 aliter
264 2353 312 2381 nel
330 2354 389 2382 solo
408 2354 485 2382 Ram.
510 2354 613 2383 Verum
629 2355 721 2384 aliter.
738 2355 819 2383 Parla
834 2355 862 2383 di
898 2357 919 2374 ¹3
939 2356 993 2383 ΡΡ.
1013 2358 1110 2383 teneor

153 2398 240 2433 quelli
265 2399 314 2426 che
341 2398 502 2433 patendosi
528 2399 635 2427 dissero
663 2399 691 2427 di
716 2399 787 2428 farlo
812 2408 862 2436 per
900 2401 921 2418 ¹⁴
940 2400 1003 2428 Aut
1021 2408 1070 2435 per
1088 2399 1251 2427 altrimenti.

154 2442 264 2470 l'unita
282 2442 356 2470 della
375 2443 482 2472 Chiesa.
899 2447 920 2463 ¹⁵
940 2445 995 2474 ΡΡ.
1014 2446 1110 2479 aperte

132 2488 143 2505 ⁶
162 2487 208 2515 Br.
228 2487 291 2516 PM.
314 2487 371 2516 ΡΡ.
390 2487 526 2516 civilibus
549 2488 626 2516 Ram.
651 2489 778 2524 quilibet.
802 2489 865 2518 eod.
902 2491 923 2508 ¹⁶
943 2491 1019 2518 Ram.
1039 2488 1283 2517 commendantem

157 2531 243 2560 citato
261 2531 297 2559 da
316 2532 377 2561 PM.
395 2533 511 2561 cuilibet
901 2536 922 2552 ¹⁷
943 2534 995 2562 ΡΡ.
1015 2534 1185 2561 clamantem

120 2576 132 2593 ⁷
163 2575 217 2604 Nei
235 2575 323 2605 codici
342 2576 408 2604 licet
903 2580 924 2596 ¹³
943 2578 1020 2606 Ram.
1041 2577 1153 2613 indiyni
