1845 3076
735 161 873 185 rrlsrom
1518 150 1554 181 17

47 248 103 289 qui
123 247 213 279 nulla
233 248 262 279 ei
282 246 500 278 familiaritate
528 246 657 286 junctus
677 255 784 283 essem,
805 245 859 276 sed
880 254 974 284 quem
994 243 1163 284 aliquando
1185 243 1226 274 ad
1246 253 1278 274 se
1300 243 1477 274 venientem
1504 252 1557 273 au-

48 306 153 342 disset,
168 304 339 344 crebroque
355 303 520 340 Bononiae,
535 303 611 334 dum
630 303 663 333 in
685 302 795 333 studiis
817 311 990 342 ageremus,
1009 300 1144 332 vidisset.
1168 300 1325 338 Beneficii,
1346 300 1429 340 quod
1450 301 1483 330 in
1504 309 1554 331 me

48 366 125 394 tunc
152 362 294 399 contulit,
321 361 503 392 memoriam
531 360 560 391 ei
588 359 656 397 feci,
676 369 750 391 nam
770 360 948 390 universam
969 358 1120 390 examinis
1136 359 1144 375 ¹
1165 361 1396 398 conventusque
1417 358 1478 388 mei
1498 358 1554 388 im-

49 428 188 459 pensam,
209 428 290 458 quae
310 418 351 449 ad
371 427 404 449 se
423 417 596 457 spectabat,
617 415 694 447 mihi
713 416 888 447 remisit.—
910 414 1120 453 Quamobrem
1141 415 1239 455 magis
1259 425 1309 446 me
1330 415 1388 446 sibi
1404 414 1554 446 dilectum

49 485 129 513 reor,
149 478 185 507 ut
206 485 266 512 eos,
288 484 364 515 quos
379 473 549 514 aliquando
564 473 674 513 opibus
688 473 883 512 consiliisque
898 472 1011 503 nostris
1026 472 1248 512 adjuverimuS,
1262 472 1403 503 solemus.
1426 471 1554 502 Duobus

49 543 88 564 ex
107 533 236 572 familia
260 542 320 564 sua
340 531 547 563 sacerdotibus
568 530 735 562 admodum
755 529 918 561 familiaris
931 539 1009 565 sum,
1032 539 1145 569 eosque
1159 529 1277 560 dudum
1292 529 1428 568 cognovi,
1452 539 1552 560 came-

48 590 168 621 rarium
193 592 225 621 et
239 590 315 620 item
329 598 541 629 expensorem,
559 587 739 619 florentinos
754 587 855 618 ambo.
877 586 974 626 Spero
994 586 1111 617 bonum
1132 586 1251 617 exitum
1271 586 1454 617 habiturum
1475 586 1556 616 desi-

47 647 170 678 derium
189 650 340 684 nostrum,
360 656 433 677 nam
454 645 537 685 quod
558 645 623 684 ipse
644 644 839 684 responderit
860 654 922 675 non
937 644 948 660 ²
968 643 1084 675 attinet
1099 643 1210 674 dicere.
1235 643 1345 683 Neque
1361 644 1444 674 enim
1459 643 1552 674 aliter

49 706 106 735 aut
125 706 195 735 tuto
214 706 340 743 poterat
360 706 417 734 aut
438 703 567 734 honesto
587 702 733 738 debebat,
755 701 809 741 qui
829 700 968 732 nondum
989 701 1022 731 in
1043 701 1202 740 provincia
1223 710 1279 731 sua
1300 701 1418 731 fuisset.
1439 700 1499 731 Sed
1517 711 1555 731 ea.

49 771 171 792 summa
185 760 254 798 fuit,
267 770 308 799 se,
324 771 422 800 quum
436 770 471 791 eo
486 760 628 797 venisset,
641 761 834 797 curaturum,
849 759 896 789 uti
911 758 1083 789 salubriter
1103 761 1304 797 componeret
1324 758 1436 794 omnia,
1460 757 1553 797 idque

48 818 82 848 in
101 817 314 858 hujuscemodi
326 827 360 849 re
380 820 496 858 ageret,
518 817 601 857 quod
623 819 702 848 esset
724 816 829 847 decori
851 816 918 854 sibi,
939 815 1099 847 commodo
1118 814 1260 853 subditis,
1281 815 1358 845 mihi
1378 818 1409 845 et
1432 814 1479 844 his
1500 815 1555 854 qui

50 875 107 906 hoc
128 874 325 915 postularent
344 878 479 915 gratum.
501 874 587 906 Vale.

770 1180 835 1210 XV.

357 1301 609 1333 REMIGIO
649 1300 1025 1333 SUPERANTIO
1067 1300 1094 1331 S.
1137 1300 1170 1331 P.
1212 1300 1249 1331 D.

505 1385 633 1414 PADUAE,
653 1385 718 1407 ΧΠ]
739 1384 806 1407 KAL.
827 1384 1019 1414 sermimffls,
1046 1376 1132 1407 1396.

287 1451 400 1487 (Eup.
425 1453 463 1479 17
486 1453 525 1485 t.;
547 1467 576 1470 —
590 1451 674 1479 Ram.
691 1460 724 1486 p.
745 1451 803 1484 5&
819 1467 848 1470 —
863 1451 934 1479 PM.
959 1459 980 1479 c.
1007 1451 1107 1484 80;—
1122 1451 1185 1479 ΡΡ.
1211 1460 1239 1478 n.
1266 1452 1324 1486 57.)

131 1523 208 1555 Cum
229 1522 408 1563 cogitarem,
429 1532 492 1562 qua
511 1522 549 1553 de
569 1532 604 1553 re
625 1522 819 1562 potissimum
839 1521 899 1553 tibi
918 1521 1096 1558 scriberem,
1118 1521 1197 1552 nihil
1218 1522 1294 1552 mihi
1315 1521 1440 1562 dignius
1460 1522 1560 1553 visum

50 1584 110 1619 est,
128 1590 224 1621 quam
243 1583 280 1611 ut
299 1580 340 1611 ad
361 1580 514 1619 optimum
534 1579 636 1610 virum
657 1578 695 1610 de
710 1589 743 1610 re
757 1579 876 1618 opt-ima
895 1579 1072 1610 scriberem.
1097 1578 1257 1618 Optimum
1272 1582 1388 1615 autem,
1415 1579 1498 1619 quod
1513 1583 1560 1610 est

52 1639 85 1669 in
105 1638 238 1675 homine,
261 1640 307 1669 est
328 1647 414 1668 inens
427 1647 516 1677 pura,
539 1637 604 1668 Deo
618 1637 740 1673 devota,
761 1637 888 1673 virtute,
909 1646 946 1667 ac
971 1640 1058 1667 recta
1073 1636 1262 1667 conscientia
1284 1637 1437 1676 praedita.
1461 1636 1562 1674 Quam

53 1695 108 1736 qui
128 1695 235 1732 habet,
255 1694 309 1726 ille
331 1694 467 1735 optimus
487 1697 532 1725 est
555 1695 611 1732 vir,
630 1694 683 1725 ille
706 1697 737 1725 et
751 1694 856 1725 vivens
876 1694 987 1725 beatus
1002 1696 1057 1732 est,
1079 1696 1111 1724 et
1126 1694 1261 1725 moriens
1275 1695 1420 1734 quietum
1440 1704 1564 1734 semper

52 1755 150 1793 atque
169 1752 378 1792 tranquillum
398 1752 538 1783 animum
552 1752 657 1783 habet.
680 1750 750 1782 Non
765 1751 928 1783 extollitur
941 1752 1106 1791 prosperis,
1126 1761 1189 1782 non
1210 1752 1400 1791 deprimitur
1415 1751 1561 1782 adversis.

54 1809 184 1841 Omnem
204 1810 237 1840 in
257 1809 325 1840 Deo
344 1819 430 1849 spem
450 1809 547 1849 ponit,
569 1809 623 1849 qui
637 1819 708 1840 eum
729 1811 838 1840 contra
851 1809 983 1840 adversa
1003 1809 1147 1849 protegit.
1168 1808 1285 1839 Puram
1299 1811 1406 1840 autem
1421 1811 1559 1839 mentem

54 1866 195 1907 intelligo
216 1876 278 1897 non
299 1877 378 1903 eam,
408 1877 490 1907 quae
511 1877 549 1897 ex
569 1866 695 1897 defectu
715 1866 898 1907 cognitionis
919 1866 1019 1897 facilis
1041 1869 1087 1897 est
1108 1865 1185 1902 falli,
1206 1865 1316 1897 fallere
1338 1866 1485 1903 nesciens,
1506 1866 1561 1897 sed

54 1934 134 1961 eam,
165 1934 246 1964 quae
277 1934 315 1955 ex
336 1924 534 1955 abundantia
553 1924 678 1955 virtutis
707 1924 850 1955 omnibus
879 1924 960 1955 bene
987 1923 1105 1954 consuli
1131 1923 1226 1963 cupit.
1259 1923 1296 1954 In
1321 1934 1385 1963 qua
1409 1924 1488 1954 nihil
1515 1926 1562 1955 est

53 1981 178 2021 duplex,
200 1981 278 2012 nihil
293 1981 485 2018 simulatum,
502 1981 581 2012 nihil
596 1984 730 2018 tectum;
744 1981 807 2018 sed,
821 1980 971 2021 quicquid
991 1983 1047 2017 est,
1063 1981 1168 2012 omnia
1182 1981 1192 1998 ³
1214 1981 1319 2021 palam
1332 1984 1386 2012 est..
1410 1981 1469 2020 Qui
1483 1981 1564 2012 hanc

54 2041 193 2070 mentem
214 2038 320 2075 habet,
341 2038 392 2070 hic
405 2039 544 2070 nondum
559 2039 670 2076 facere,
692 2041 728 2070 ut
744 2039 851 2071 Cicero
865 2039 920 2076 ait,
940 2039 995 2069 sed
1008 2048 1065 2069 nec
1079 2039 1217 2079 cogitare
1232 2039 1386 2078 quidquid
1401 2039 1411 2055 ⁴
1433 2038 1564 2070 audebit

53 2095 138 2135 quod
158 2106 220 2127 non
241 2096 358 2127 audeat
378 2096 570 2136 praedicare.
590 2095 622 2128 Si
643 2097 726 2127 enim
745 2096 881 2136 improbi
900 2105 1033 2136 quoque,
1055 2095 1169 2135 quibus
1190 2095 1295 2126 nullus
1323 2099 1369 2126 est
1391 2096 1564 2127 honestatis

53 2155 221 2192 respectus,
242 2156 391 2184 verentur
410 2163 576 2193 perperam
595 2163 699 2194 agere,
719 2153 752 2184 in
773 2155 939 2194 conspectu
960 2163 1022 2184 non
1036 2153 1127 2184 modo
1146 2153 1308 2190 bonorum,
1323 2153 1377 2184 sed
1392 2153 1488 2184 etiam
1501 2153 1561 2184 sibi

56 2209 214 2247 similium,
230 2212 348 2250 quanto
370 2210 467 2251 magis
489 2211 597 2251 optimi
616 2210 757 2242 homines
769 2210 802 2241 in
817 2212 982 2250 conspectu
1002 2209 1069 2248 Dei,
1090 2210 1141 2241 cui
1154 2210 1259 2242 omnia
1279 2212 1390 2250 aperta
1411 2213 1494 2247 sunt,
1518 2220 1564 2241 eo-

57 2266 225 2307 gitationes
245 2269 276 2299 et
297 2267 392 2299 coi-da
412 2270 528 2305 nostra,
559 2270 708 2299 verentur
727 2267 810 2300 male
829 2267 966 2308 cogitare
987 2267 1036 2299 vel
1057 2267 1173 2308 agere?
1205 2267 1274 2298 Hac
1293 2267 1415 2298 ratione
1435 2269 1563 2298 sanctus

54 2323 110 2355 ille
129 2324 178 2355 vir
189 2325 380 2365 impudicam
394 2325 558 2357 mulierem
572 2325 734 2362 convertit,
749 2335 831 2366 quae
844 2335 877 2357 se
890 2325 1005 2365 passim
1019 2325 1162 2357 omnibus
1177 2325 1219 2356 ad
1233 2324 1379 2356 illicitum
1393 2328 1560 2365 quaestum

54 2382 234 2414 exhibebat.
266 2382 342 2414 Cum
376 2383 469 2420 enim,
501 2385 537 2413 ut
557 2382 616 2414 sibi
646 2382 768 2422 copiam
797 2382 846 2414 sui
864 2382 992 2419 faceret,
1022 2382 1128 2414 oblato
1148 2392 1287 2421 munere,
1314 2381 1496 2422 postularet,
1528 2385 1565 2413 ut

54 2439 224 2480 quemdam
253 2439 286 2470 in
305 2439 407 2471 locum
429 2440 556 2479 coirent,
587 2440 671 2471 unde
691 2440 790 2471 videri
820 2450 839 2471 a
867 2440 991 2471 nemine
1010 2443 1146 2480 possent,
1167 2439 1223 2470 illa
1243 2439 1277 2470 in
1303 2449 1439 2470 summas
1460 2439 1562 2477 aedes,

64 2534 72 2550 ¹
92 2533 148 2562 ΡΡ.
166 2533 253 2562 lascia
270 2533 299 2561 la
317 2533 413 2568 parola
431 2533 460 2560 in
479 2533 588 2561 bianco.
840 2533 850 2552 3
873 2532 984 2567 Omnia,
1003 2532 1060 2561 alla
1078 2540 1161 2568 greca
1179 2532 1224 2560 nel
1243 2539 1324 2562 senso
1343 2532 1371 2560 di
1385 2540 1440 2567 per
1459 2532 1565 2566 omnia,

63 2578 74 2595 ²
94 2576 140 2605 ΒΥ.
160 2585 173 2605 e
193 2577 247 2605 ΡΡ.
267 2578 407 2605 omettono
428 2576 448 2604 il
467 2585 525 2605 mm
862 2577 977 2605 omnino

838 2623 849 2641 ⁴
868 2622 946 2650 Ram.
964 2621 1078 2656 quidem
1090 2620 1233 2656 quidquid
