1845 3076
241 172 280 202 60
871 183 896 205 P.
919 183 944 205 P.
966 182 1114 205 VERGERIO

241 264 433 295 innotescere
457 264 534 294 1111111
555 265 682 296 curasti.
706 264 770 296 Nec
787 266 904 297 veritus
926 276 966 303 es,
981 267 1063 306 quod
1078 267 1220 307 plerique
1242 268 1351 305 solent,
1373 269 1505 299 adversa
1526 269 1565 300 de
1579 269 1653 301 illo¹
1675 281 1752 301 nun-

238 321 330 357 ciare,
351 321 401 351 cui
417 321 501 352 laeta
517 321 622 353 fueras
643 325 708 353 tam
724 332 840 362 pronus
861 322 1003 354 offerress.
1026 324 1062 354 In
1084 335 1144 364 quo
1159 327 1265 356 tamen
1287 325 1454 365 nequivisti
1467 326 1542 357 satis
1564 326 1748 367 diligentiae

238 380 313 408 tuae
334 377 472 409 fructum
493 379 648 419 consequi.
671 378 803 418 Quidam
825 381 917 417 enim,
938 381 971 411 in
993 391 1125 421 quorum
1147 392 1258 413 manus
1279 382 1390 413 literae
1409 386 1629 422 pervenerunt,
1651 394 1750 424 quum

238 435 357 466 nollent
370 436 380 452 ³
401 435 530 475 hujusce
551 436 597 467 rei
617 437 723 468 nuncii
744 437 822 475 fieri,
844 439 1055 478 superstitiosi
1076 439 1167 469 nimis
1188 449 1225 470 ac
1245 439 1357 476 timidi,
1380 449 1432 471 eas
1447 450 1504 480 per
1518 440 1585 472 dies
1607 451 1752 481 suppres—

239 492 368 524 serunt⁴
405 517 1751 530 ............................

955 753 1033 784 XLI.

744 846 921 878 NICOLAO
943 847 997 877 DE
1018 847 1247 878 LEONAHDIS

955 921 983 953 S.
1005 922 1032 952 d.

598 997 661 1031 (Rs.
676 1006 707 1032 2).
728 998 749 1025 2
771 999 807 1031 2‘.;
828 1014 860 1017 —
880 997 952 1026 PM.
972 1006 994 1026 c.
1015 998 1053 1025 53
1074 999 1112 1031 t.‚·
1136 1014 1161 1017 κ
1185 998 1247 1025 ΡΙ).
1267 1007 1295 1026 72.
1315 999 1391 1033 103.)

315 1068 429 1099 Fecisti
450 1071 486 1099 ut
507 1078 582 1107 prae
604 1068 669 1098 risu
687 1072 889 1108 erumperent
909 1068 1074 1109 lacrymae.
1098 1068 1175 1099 Tam
1195 1068 1295 1099 facete
1309 1069 1318 1085 5
1341 1079 1398 1108 par
1419 1069 1488 1109 pari
1511 1068 1685 1107 reddidisti,
1714 1073 1751 1102 ut

235 1136 297 1157 non
319 1126 446 1165 impune
461 1125 527 1156 sine
540 1125 644 1157 verbis
666 1125 697 1155 in
721 1125 831 1157 faciem
847 1129 936 1157 tuam
958 1126 1152 1165 barbamque
1171 1126 1302 1165 jocatus.
1326 1126 1490 1165 Multoque
1507 1127 1610 1159 minus
1624 1127 1750 1167 impune

236 1183 379 1214 futurum
407 1183 504 1215 fuisse
532 1184 634 1220 credo,
665 1186 701 1214 ut
722 1184 755 1214 in
777 1183 877 1214 crines
898 1186 966 1214 tuos
994 1183 1103 1214 ludere
1124 1184 1201 1215 mihi
1222 1184 1367 1215 manibus
1389 1184 1507 1221 liceret,
1537 1185 1562 1215 si
1583 1183 1749 1216 affuissem.

236 1240 318 1271 Nam
339 1240 393 1280 qui
414 1240 511 1271 verba
538 1243 604 1271 tam
626 1241 705 1272 bene
728 1241 768 1272 sis
790 1241 884 1279 ultus,
914 1251 975 1281 quo
997 1244 1090 1281 paeto
1112 1241 1216 1272 fueras
1244 1241 1329 1272 faeta
1350 1241 1596 1274 vendicaturus?
1625 1241 1684 1273 Sed
1711 1242 1751 1274 de

231 1298 301 1338 joco
323 1297 408 1329 satis.
422 1297 472 1328 Ad
488 1307 635 1337 praesens
661 1301 787 1329 tantum
800 1299 811 1315 ⁶
836 1302 873 1329 ut
894 1298 1053 1338 intelligas
1066 1299 1085 1336 ⁷,
1112 1309 1161 1330 1116
1184 1299 1294 1330 literas
1316 1302 1387 1330 tuas
1408 1300 1572 1339 accepisse.
1593 1299 1752 1331 Audivisti

236 1356 287 1395 (ut
309 1355 442 1394 opinor),
464 1355 617 1386 indictum
633 1365 699 1386 esse
714 1366 770 1396 pro
786 1359 893 1387 nostra
915 1359 1008 1396 parte
1028 1356 1191 1387 eonsilium
1211 1356 1244 1386 in
1267 1357 1344 1387 Foro
1358 1356 1466 1388 ζ1111111.
1490 1356 1643 1388 Faustum
1665 1357 1751 1388 felix-

234 1422 296 1452 que
319 1412 360 1443 sit
381 1423 518 1452 praecor.
540 1412 571 1443 Si
592 1413 669 1444 illuc
689 1414 797 1444 abitur
808 1414 827 1450 ⁹.
850 1413 951 1444 nescio
974 1424 1034 1453 quo
1057 1416 1148 1453 pacto
1170 1424 1285 1454 negare
1307 1425 1356 1445 me
1378 1424 1499 1454 possem
1525 1414 1602 1454 quin
1629 1417 1661 1445 et
1687 1414 1752 1454 ipse

234 1469 357 1507 vadam,
380 1470 515 1501 maxime
536 1480 607 1501 cum
626 1470 670 1501 ibi
691 1471 865 1510 cupia1n‚si
882 1470 950 1502 fieri
965 1471 1090 1510 poterit,
1113 1471 1335 1502 beneficiatum
1350 1472 1379 1502 ¹⁰.
1402 1471 1469 1503 Hoc
1490 1471 1750 1504 deliberationem

236 1538 338 1558 meam
359 1530 519 1567 angustat.
541 1527 647 1559 Scribe
670 1528 746 1568 quid
768 1528 893 1559 sentias,
918 1528 996 1559 Vale
1019 1528 1189 1560 amicorum
1210 1529 1328 1560 unicus.

942 1787 1035 1818 XLII.

382 1879 550 1911 ALANO
583 1880 642 1910 DE
674 1879 944 1911 ADIMARIIS
976 1879 1401 1912 PROTHONOTARIO
1433 1881 1461 1912 S.
1494 1881 1527 1912 P.
1560 1881 1595 1912 D.

717 1963 913 1992 FLORENTIAE.
935 1964 1011 1986 xxix·
1032 1964 1158 1987 DECEMB.
1184 1956 1269 1988 1:398.

458 2031 522 2065 (ΒΓ.
538 2040 569 2065 p.
588 2031 649 2064 km-
671 2047 702 2050 —
723 2030 807 2058 Ram.
821 2039 853 2065 p.
874 2031 912 2057 60
933 2032 962 2063 t‚·
984 2048 1015 2050 —
1035 2030 1106 2058 PM.
1127 2040 1148 2059 c.
1168 2031 1210 2059 &2
1231 2034 1259 2065 t,·
1280 2049 1312 2051 —
1333 2032 1395 2059 PP.
1415 2041 1443 2060 η.
1462 2032 1525 2066 60)

312 2101 394 2132 Fieri
416 2104 520 2141 potest
534 2104 569 2132 ut
584 2111 646 2132 non
669 2101 748 2131 bene
761 2101 878 2132 sentias
899 2100 938 2131 de
954 2111 1012 2138 me,
1033 2102 1128 2141 idque
1144 2104 1311 2141 propterea
1326 2101 1409 2141 quod
1430 2102 1639 2142 negligentius
1654 2112 1749 2142 quam

232 2170 347 2200 equum
370 2162 417 2190 est
440 2158 611 2190 amicitiam
643 2161 783 2189 nostram
805 2158 948 2189 excolere
970 2158 1085 2195 videor,
1114 2159 1193 2190 nihil
1214 2159 1254 2190 ad
1276 2163 1307 2190 te
1329 2159 1448 2190 dudum
1469 2160 1616 2191 scribens.
1647 2158 1749 2197 Quam

231 2217 358 2257 quidem
373 2227 439 2247 rem
463 2216 625 2247 molestius
646 2215 756 2247 tulisse
771 2218 802 2246 te
823 2216 1006 2255 suspicarer,
1023 2216 1049 2246 si
1063 2226 1125 2247 non
1140 2217 1157 2233 ¹¹
1182 2216 1428 2247 moderationem
1451 2220 1539 2248 tuam
1554 2217 1748 2248 1103661611112

231 2285 301 2305 cum
316 2274 349 2304 in
363 2273 506 2305 omnibus
528 2273 695 2313 egregiam,
716 2276 785 2303 tuin
806 2283 879 2304 vero
893 2273 925 2303 in
942 2273 1057 2304 amicos
1079 2273 1280 2313 praecipuam
1302 2276 1398 2313 atque
1415 2273 1615 2313 singularem.
1639 2273 1748 2314 Neque

232 2332 315 2363 enim
338 2342 409 2363 eum
431 2331 531 2362 virum
541 2332 571 2368 ¹³,
594 2330 647 2370 qui
669 2334 705 2361 tu
726 2340 757 2361 es
773 2333 867 2362 tanta
887 2331 1057 2370 prudentia
1077 2334 1232 2371 tantaque
1252 2341 1372 2362 morum
1387 2331 1552 2371 gravitate,
1567 2331 1749 2363 existimare

228 2411 235 2426 ¹
258 2408 336 2437 'rutti
355 2409 364 2436 1
384 2407 471 2436 codici
490 2408 523 2435 de
542 2407 608 2441 illo3
628 2406 701 2434 forse
723 2407 772 2434 ilio
1019 2408 1029 2424 S
1049 2407 1094 2435 ΒΓ,
1114 2407 1175 2436 ΓΜ.
1196 2407 1316 2438 Γονίηῖιῖ

228 2456 239 2472 2
259 2454 322 2480 Cosi
340 2453 408 2480 tutti
428 2453 435 2479 i
456 2451 552 2486 codici,
571 2459 650 2479 meno
670 2452 725 2480 ΓΡ,
740 2451 789 2479 che
808 2451 845 2479 ha
863 2451 973 2485 afferre
1019 2453 1030 2469 ἵ·
1050 2451 1100 2479 Nei
1122 2451 1209 2479 codici
1228 2452 1324 2479 obilm·

227 2500 238 2516 ³³
258 2497 309 2525 Nei
329 2497 416 2525 codici
436 2497 504 2524 dum
523 2497 629 2524 nolunt
1010 2497 1030 2513 ¹⁰
1048 2496 1093 2524 ΒΓ.
1114 2497 1168 2524 ΓΡ.
1189 2497 1391 2530 ῥωιθίὶσὲαἰηνς
1413 2496 1473 2524 PM.
1486 2496 1675 2530 beneficiatae.
1690 2496 1749 2525 Be-

226 2542 235 2559 1
255 2541 282 2569 Il
301 2542 375 2569 resto
394 2549 491 2568 manca
1029 2541 1311 2575 mesic-iusum,dutum
1324 2541 1353 2568 in
1367 2540 1543 2574 heneficium.
1556 2540 1587 2569 V.
1598 2540 1644 2568 Du
1654 2541 1748 2577 Gange

226 2587 237 2603 ⁵
257 2586 309 2613 Nei
328 2585 416 2613 codici
434 2585 524 2619 fimeto
1008 2587 1027 2603 ¹¹
1050 2586 1104 2613 PP.
1124 2586 1206 2613 modo

226 2632 237 2647 ⁶
257 2629 308 2657 Nei
328 2629 414 2658 codici
436 2633 531 2658 tamen
1008 2632 1029 2648 1‘2
1049 2631 1100 2658 Nol
1120 2630 1206 2658 codici
1226 2638 1241 2658 ο
1261 2630 1337 2658 nosti
1356 2637 1371 2658 o
1392 2629 1469 2658 nosci

227 2675 237 2691 ⁷
257 2675 312 2703 ΓΡ.
333 2674 476 2710 ἱηὶεῑῖὶῃσε
1005 2675 1026 2692 1³
1045 2674 1100 2702 ΡΙ).
1120 2675 1269 2709 cumjure
