1845 3076
206 150 262 181 172
834 159 859 181 P.
882 159 907 181 P.
932 159 1078 181 venerato

914 341 1003 373 CXV.

390 452 595 484 SANCTO
631 451 944 483 PEREGRINO
978 452 1006 483 S.
1042 453 1080 483 D.
1115 453 1527 487 JUSTINOPOLIN.

696 544 856 574 BONONIAE,
878 545 946 568 ΚΑΒ.
968 545 1119 574 JANUARJI,
1140 538 1226 568 1395.

600 620 669 655 (Br.
683 629 714 656 p.
734 621 793 654 25;
813 637 844 640 μ
866 621 938 649 ΡΜ.
957 630 979 650 0.
999 622 1056 649 90:
1077 637 1108 640 —
1130 621 1191 650 PP.
1210 629 1239 649 n.
1258 623 1318 657 25.)

284 735 366 767 Scire
389 735 499 767 crebro
521 735 667 775 equidem
687 735 798 767 vellem
818 738 940 767 certum
967 736 1043 776 quid
1070 736 1109 768 de
1136 737 1285 777 sospitate
1306 739 1371 774 tua,
1399 738 1500 778 deque
1527 739 1720 772 successibus

203 793 275 830 tuis,
298 793 405 829 amice,
426 803 504 833 quos
522 803 586 824 non
606 793 682 824 satis
695 803 858 833 prosperos
877 793 936 825 tibi
956 795 1137 835 contingere
1159 805 1277 832 vereor,
1298 795 1342 826 sic
1359 805 1483 836 semper
1502 795 1591 827 bonis
1611 796 1719 828 adver-

203 853 294 882 sante
307 849 445 890 fortuna,
461 860 518 881 1100
531 850 682 881 reddente
696 851 838 890 praemia
851 851 947 891 digna
962 851 1138 883 virtutibus.
1160 851 1221 883 Sed
1235 852 1311 892 quid
1325 862 1410 883 nunc
1422 853 1513 893 queri
1529 852 1677 893 incipiam
1688 855 1701 885 ἓ
1713 855 1722 872 1

202 907 304 939 Vetus
318 907 396 939 haec
410 908 600 939 consuetudo
616 911 673 945 est,
690 910 721 939 et
736 918 755 939 a
769 907 913 948 pluribus
934 909 1115 940 auctoribus
1135 909 1300 949 deplorata
1313 910 1332 940 ².
1356 909 1622 943 Consuetudinem
1641 912 1724 943 hanc

202 965 294 1001 serre,
316 968 349 996 et
369 974 536 1003 successus,
558 965 803 1005 qualescumque
823 975 889 997 sors
910 966 1042 1003 dederit,
1062 966 1220 1006 tollerare,
1241 967 1293 998 lex
1314 971 1368 1000 est..
1392 968 1433 999 Hi
1454 968 1564 1008 quales
1578 968 1664 1009 apud
1684 971 1717 1000 te
1755 1002 1758 1005 Α

202 1023 274 1060 sint,
295 1023 374 1054 scire
394 1025 477 1062 opto,
498 1024 655 1062 quatenus
669 1023 680 1039 ³
706 1024 811 1054 tecum
832 1023 881 1054 uti
902 1024 1036 1054 amicum
1057 1024 1148 1055 decet
1161 1024 1180 1055 ⁴.
1213 1024 1358 1062 Letitiae,
1389 1025 1617 1066 mastitiaeque,
1639 1026 1724 1066 quod

203 1080 297 1116 absit,
319 1082 351 1110 et
370 1079 527 1120 particeps
548 1079 632 1110 fiam.
655 1080 722 1111 Hoc
742 1090 840 1111 unum
860 1083 967 1112 tamen
987 1081 1058 1119 scio,
1078 1081 1104 1112 si
1124 1084 1209 1113 recte
1223 1082 1233 1099 ⁵
1254 1082 1395 1113 animum
1416 1084 1508 1114 tuum
1531 1083 1612 1120 novi,
1633 1083 1718 1123 quod

208 1137 342 1168 invictus
354 1137 423 1168 istic
435 1137 446 1154 ⁶
466 1137 606 1174 moraris,
620 1137 735 1168 invitus
750 1137 819 1168 istie
840 1138 998 1175 detineris,
1014 1148 1071 1169 1100
1085 1138 1226 1178 quietum
1237 1139 1247 1155 ⁷
1268 1142 1301 1171 te
1315 1139 1470 1177 futurum,
1491 1139 1589 1171 donec
1602 1140 1722 1178 eadem,

206 1204 287 1234 quae
308 1194 434 1235 impulit
449 1195 460 1211 ὃ
481 1198 523 1231 te,
544 1194 657 1225 istinc⁹
678 1195 799 1226 meliori
814 1195 906 1227 modo
927 1195 1057 1226 fortuna
1078 1196 1216 1227 divellat.
1239 1196 1279 1227 Et
1299 1197 1333 1233 si,
1356 1197 1425 1237 quis
1439 1197 1479 1228 sit
1500 1197 1624 1228 animus
1637 1197 1724 1234 mihi,

206 1262 341 1293 quaeras
356 1253 387 1290 ¹⁰,
408 1252 545 1292 patm'am
573 1252 661 1284 illam
682 1253 806 1284 omnino
834 1253 903 1284 odio
924 1253 1084 1287 haberem,
1114 1254 1182 1291 nisi,
1211 1254 1286 1294 quia
1305 1254 1422 1286 natalis
1443 1257 1501 1292 est,
1529 1258 1565 1286 ut
1585 1264 1688 1286 amem
1702 1255 1723 1272 ¹¹

203 1311 286 1351 cogit
307 1313 431 1341 natura.
454 1310 581 1350 Refugit
597 1320 689 1350 porro
703 1320 799 1342 mens.
822 1309 936 1341 Nullus
951 1311 1034 1342 enim
1054 1311 1099 1343 ibi
1119 1312 1279 1349 scientiae,
1300 1311 1406 1343 nullus
1427 1311 1554 1343 virtutis
1568 1322 1656 1343 amor
1671 1314 1730 1343 aut

207 1368 307 1399 honor
322 1368 465 1399 habetur.
488 1367 596 1398 Virtus
610 1367 655 1399 ibi
670 1367 773 1399 10011111
788 1378 851 1399 11011
867 1368 964 1400 habet
977 1379 983 1405 ;
1004 1368 1114 1400 exulat
1126 1369 1200 1400 inde
1212 1370 1234 1386 ¹²
1254 1369 1393 1401 scientia.
1408 1369 1482 1410 Ego,
1498 1369 1556 1400 etsi
1570 1370 1726 1401 virtuosus

205 1435 268 1456 non
289 1425 357 1459 sim,
378 1425 503 1456 virtutis
524 1428 632 1456 tamen
653 1435 690 1456 00
709 1425 859 1456 scientiae
879 1425 1010 1466 cupidus
1030 1436 1154 1466 semper
1174 1426 1229 1464 fui,
1249 1429 1345 1467 atque
1364 1427 1439 1467 ipsis
1453 1427 1475 1443 ¹³
1496 1437 1619 1467 semper
1640 1437 1726 1459 reve-

206 1483 342 1514 rentiam
363 1483 589 1523 permaximam
611 1483 718 1514 habui.
741 1482 811 1521 Qua
830 1487 936 1515 mente
958 1493 1090 1521 moveor,
1110 1486 1146 1515 ut
1167 1494 1223 1515 1100
1243 1494 1345 1515 amem
1367 1484 1444 1518 1000,
1466 1484 1498 1514 111
1512 1485 1628 1524 quibus
1647 1485 1727 1516 11000

206 1550 270 1572 11011
291 1540 446 1577 coluntur,
467 1551 525 1572 nec
546 1551 584 1572 ea
605 1540 662 1572 ulli
683 1541 818 1580 sapienti
839 1551 977 1581 congrua
998 1541 1132 1572 credam.
1156 1541 1273 1573 Idcirco
1293 1541 1405 1573 vellem
1419 1545 1451 1573 te
1472 1542 1545 1573 inde
1567 1544 1726 1574 remotum

206 1600 239 1628 et
271 1598 485 1629 abundantem
517 1598 689 1630 honoribus
721 1601 753 1630 et
784 1598 961 1635 commodis9
997 1609 1077 1639 quae
1103 1599 1123 1615 ¹⁴
1161 1609 1223 1630 non
1255 1599 1394 1630 modeste
1425 1599 1535 1630 virtuti
1570 1602 1645 1631 tuae
1676 1599 1727 1631 de-

206 1655 323 1686 bentur
337 1656 358 1672 ¹⁵
379 1680 532 1687 ......

284 1713 405 1744 Vellem
427 1713 566 1753 profecto
586 1713 689 1745 multa
709 1713 777 1746 tibi.
798 1713 869 1745 Non
890 1714 971 1745 enim
992 1714 1085 1745 facile
1106 1715 1233 1746 credere
1254 1724 1356 1755 posses
1377 1718 1498 1755 quanta
1519 1715 1578 1746 tibi
1603 1714 1720 1746 afficior

204 1770 372 1802 dilectione
384 1771 412 1801 ¹⁵.
436 1771 540 1802 Primo
560 1773 690 1810 propter
704 1771 853 1803 virtutem
876 1774 972 1808 tuam,
987 1771 1100 1803 dehinc
1120 1772 1287 1803 attendens
1309 1772 1428 1803 auxilia
1442 1775 1474 1804 et
1488 1772 1626 1810 consilia,
1640 1782 1723 1813 quae

205 1831 242 1859 tu
263 1828 338 1858 mihi
371 1838 495 1868 semper
525 1828 658 1869 impigre
686 1829 880 1868 praestitisti.
914 1829 987 1859 Tuis
1018 1830 1101 1860 enim
1123 1830 1290 1867 favoribus,
1320 1830 1346 1860 si
1367 1840 1429 1862 11011
1450 1840 1518 1861 sum
1550 1831 1723 1868 immemor,

204 1885 330 1926 tuisque
352 1885 486 1917 consiliis
507 1885 568 1917 huc
588 1896 689 1926 usque
711 1886 857 1918 devectus
877 1896 953 1918 sum.
977 1886 1148 1925 Quantum,
1169 1888 1298 1927 inquam
1313 1888 1344 1924 ¹⁷,
1365 1890 1397 1919 te
1411 1887 1551 1927 diligam,
1572 1887 1658 1928 apud
1671 1897 1722 1919 me

206 1945 263 1974 est.
286 1943 472 1983 Magistrum
493 1943 646 1975 Joannem
669 1943 759 1974 vultu
780 1944 857 1975 mihi
878 1943 964 1984 prius
984 1944 1186 1985 incognitum,
1202 1945 1253 1976 1110
1272 1945 1386 1982 inveni,
1407 1945 1509 1976 virum
1530 1945 1641 1985 utique
1661 1955 1725 1976 ma-

205 2003 314 2031 turum
337 2002 368 2031 et
389 2001 557 2041 integrum,
579 2011 671 2041 quem
694 2004 730 2032 tu
749 2011 812 2032 non
838 2003 956 2033 temere
978 2001 1099 2042 elegisti
1121 2002 1181 2034 tibi
1201 2002 1233 2032 in
1261 2002 1434 2034 0111101111113
1459 2002 1592 2034 affinem.
1619 2002 1666 2034 De
1687 2013 1723 2034 eo

204 2058 282 2089 mihi
303 2058 406 2089 multa
427 2057 543 2096 dixisti,
564 2058 617 2089 sed
639 2059 760 2099 majora
781 2061 812 2089 et
834 2059 926 2099 plura
953 2059 1062 2096 sentio,
1085 2070 1179 2100 quam
1201 2062 1237 2090 tu
1258 2059 1364 2091 dixisti
1385 2050 1442 2092 aut
1464 2060 1566 2091 dicere
1587 2059 1725 2100 potuisti.

216 2256 223 2271 ¹
244 2254 304 2282 PM.
325 2254 425 2289 quaeri
982 2258 1003 2274 10
1022 2255 1076 2283 PP.
1096 2256 1179 2283 mette
1198 2255 1285 2290 punto
1305 2253 1374 2288 dopo
1392 2261 1515 2289 quaeras

213 2300 224 2316 2
244 2298 297 2326 Nei
315 2298 402 2326 codici
420 2299 574 2333 depravata
985 2302 1003 2318 ¹¹
1025 2300 1080 2328 PP.
1100 2300 1213 2328 animos

214 2344 224 2359 ²³
244 2343 304 2370 PM.
324 2345 465 2378 quamtum.
984 2346 1005 2363 ¹²
1024 2345 1079 2372 PP.
1099 2344 1185 2372 istinc

215 2388 225 2405 ⁴
245 2387 300 2415 PP.
318 2388 401 2415 mette
420 2387 529 2422 virgola
548 2387 635 2423 prima
655 2387 683 2415 di
704 2388 828 2416 laetitiae
983 2390 1004 2407 ¹³
1024 2389 1068 2417 ΒΓ.
1089 2397 1103 2417 0
1121 2388 1178 2416 ΡΡ.
1196 2388 1258 2423 ipse

215 2433 226 2449 ⁵
246 2432 301 2460 PP.
320 2433 393 2460 certe
984 2434 1005 2451 ¹⁴
1025 2433 1071 2462 ΒΥ.
1090 2433 1151 2461 ΡΜ.
1171 2441 1184 2459 0
1204 2433 1259 2460 ΡΡ.
1279 2433 1329 2467 qui

214 2478 225 2494 ⁶
245 2476 300 2504 PP.
321 2476 376 2507 ιῖὺὶς
402 2478 458 2504 cosi
477 2476 543 2504 altri
562 2477 655 2505 codici.
682 2477 727 2504 Ma
747 2476 854 2513 leggesi
879 2485 946 2512 pure
984 2479 1005 2496 ¹⁵
1023 2477 1078 2505 Nel
1090 2477 1152 2506 PM.
1167 2485 1205 2506 un
1218 2477 1347 2512 semplice
1359 2485 1376 2505 a
1389 2484 1464 2512 capo.
1480 2476 1606 2504 Lineette
1620 2475 1666 2504 nel
1679 2476 1726 2505 Br.

238 2521 302 2549 istic
984 2523 1005 2541 ¹⁶
1024 2522 1079 2550 PP.
1100 2522 1252 2550 delectione

216 2567 226 2583 ⁷
247 2565 301 2593 PP.
319 2567 458 2601 quantum
983 2568 1005 2584 ¹⁷
1023 2566 1078 2594 PP.
1098 2574 1227 2601 unquam

217 2611 228 2627 ⁸
245 2609 301 2639 PP.
320 2610 442 2645 impellit
987 2611 1008 2629 ¹⁸
1028 2610 1087 2640 PM.
1106 2612 1188 2639 mette
1208 2609 1315 2646 virgola
1333 2610 1402 2646 dopo
1422 2610 1545 2639 amicum

217 2655 229 2671 ‘³
248 2654 301 2683 ΡΡ,
321 2655 402 2683 nota:
426 2667 437 2679 «
452 2655 480 2683 in
501 2655 625 2691 margine
644 2655 711 2684 ltine
730 2663 778 2691 pro
796 2655 881 2684 istinc
894 2667 906 2679 ›=
