1845 3076
738 187 876 211 EPISTOLE
1500 176 1557 207 129

57 277 89 306 et
109 274 194 305 novis
211 273 349 313 jactatus
369 273 500 310 casibus,
520 272 655 312 nequivi.
677 272 757 303 Satis
773 273 781 290 ¹
801 272 927 303 1nente²
946 271 1117 303 advertere.
1140 271 1182 302 Ut
1205 271 1340 311 primum
1361 273 1466 302 autem
1489 279 1557 302 con-

54 331 136 363 stitit
155 340 259 362 secum
278 330 409 368 animm,
431 340 525 361 curae
546 329 627 367 huic,
648 339 729 368 quae
751 339 811 361 non
832 331 988 369 postrema
1008 328 1092 369 apud
1113 339 1162 360 me
1178 331 1255 367 erat,
1277 338 1403 369 operam
1424 327 1505 365 dedi,
1520 337 1557 358 ac

53 387 210 420 benevolis
230 387 426 427 quibusdam,
446 396 522 427 quos
542 386 681 417 Venetiis
708 388 796 417 notos
817 386 974 422 haberem,
996 386 1028 416 id
1048 385 1164 426 negotii
1185 385 1380 421 demandavi,
1409 387 1444 431 ut
1465 385 1503 416 de
1525 387 1557 415 te

54 445 257 485 inquirerent,
277 444 570 484 significarentque³
591 443 667 474 mihi
693 443 776 483 quod
797 443 1017 483 comperissent
1043 452 1137 482 quam
1158 442 1293 482 primum
1321 444 1476 473 curarent.
1504 444 1532 473 A
1547 441 1558 458 ⁴

55 512 187 542 quorum
213 504 320 533 tamen
347 502 480 538 nemine,
507 501 689 541 priusquam
710 511 729 531 a
750 503 781 531 te
802 501 870 540 ipso
892 501 944 540 (ea
964 500 1024 530 fuit
1053 499 1229 539 diligentia)
1250 499 1376 530 edoctus
1396 509 1473 530 sum.
1500 498 1558 530 Ille

55 559 146 596 enim,
167 561 204 589 ut
224 559 341 598 opinor,
358 558 510 598 (quisquis
527 558 553 589 is
568 557 637 596 fuit,
658 568 731 589 nam
752 557 951 597 suppressisti
972 557 1098 595 nomen)
1112 556 1166 596 qui
1186 559 1217 587 te
1237 557 1322 596 prius
1344 557 1466 587 nomine
1487 566 1556 587 meo

55 615 214 653 salutavit,
238 625 301 646 non
322 615 425 646 suerat
444 615 476 645 id
496 614 627 646 fortasse
648 614 798 650 facturus,
826 613 884 644 nisi
904 615 935 644 te
956 613 1003 643 illi
1023 623 1097 644 casu
1117 614 1239 644 obviam
1265 613 1399 644 dedisset
1420 613 1555 644 fortuna.

55 671 137 711 Quin
150 673 161 689 ⁵
181 672 285 711 etiam,
308 672 349 703 ad
371 672 580 703 excusandam
593 672 604 688 ⁶
624 671 761 702 muneris
786 670 845 702 sibi
866 670 1016 701 commissi
1037 670 1232 707 tarditatem,
1252 671 1461 710 ignorantiam
1489 671 1558 708 loci,

54 729 87 760 in
102 739 163 769 quo
183 729 351 767 habitares,
372 729 492 760 causari
508 739 569 760 non
583 731 630 760 est
649 728 776 765 veritus,
797 728 888 767 quasi
907 727 1008 758 latere
1022 730 1058 758 tu
1079 727 1200 767 uspiam
1220 728 1252 758 in
1266 730 1390 768 tempus
1403 731 1471 760 toto
1488 728 1554 767 jani

57 787 132 818 orbe
146 786 241 826 possis
252 786 262 804 ⁷
279 789 335 818 aut
350 787 383 817 in
397 786 475 818 urbe
489 786 552 825 illa,
567 786 598 816 in
613 795 676 825 qua
695 785 750 816 diu
765 795 821 825 per
831 785 842 802 ⁸
863 794 1009 825 magnum
1031 795 1143 816 nomen
1157 788 1296 816 versatus
1312 795 1344 816 es
1355 786 1375 823 ⁹,
1396 785 1462 816 1000
1476 786 1559 825 igno-

55 844 128 875 rari.
149 844 195 874 Ex
209 844 361 875 modestia
381 846 487 875 tamen
501 843 557 874 illa
569 846 626 874 tua
641 843 731 874 solita
745 845 841 882 atque
861 842 955 873 insita
979 842 1134 879 comitate,
1156 842 1372 882 purgationem
1386 843 1453 883 ejus
1467 842 1558 873 facile

56 901 217 938 admisisti,
238 901 292 941 qui
311 911 373 932 non
392 900 486 931 fuisse
506 900 539 931 id
560 900 673 931 mirum
693 899 787 936 dicas,
807 910 903 940 quum
924 910 944 930 a
963 899 1025 930 tuis
1047 900 1141 930 etiam
1161 899 1268 930 vicinis
1279 899 1300 916 ¹⁰
1320 899 1507 940 ignorareris
1522 900 1552 930 ¹¹.

57 957 145 996 Quod
160 960 196 988 ut
208 958 230 975 ¹²
244 958 289 988 ita
303 958 352 994 sit,
373 957 398 988 si
412 957 502 988 modo
516 958 562 988 ita
574 958 595 975 ¹³
616 959 671 994 est,
693 957 768 988 levis
779 956 800 974 ¹⁴
821 957 863 987 sit
876 959 982 987 tamen
995 956 1053 987 tibi
1074 956 1202 997 hujusce
1217 956 1263 987 rei
1283 957 1407 996 jactura
1421 959 1452 987 et
1467 956 1558 987 facile

56 1015 194 1046 ferenda.
215 1015 292 1046 Late
313 1014 395 1046 enim
416 1014 488 1046 foris
508 1014 652 1052 nosceris,
673 1014 727 1054 qui
749 1024 768 1045 a
787 1015 850 1045 tuis
870 1014 929 1045 tibi
944 1014 965 1031 ¹⁵
986 1014 1092 1044 vicinis
1108 1013 1130 1030 ¹⁶
1151 1013 1310 1053 ignoraris.
1338 1013 1418 1044 Nam
1438 1013 1489 1044 vix
1510 1016 1557 1044 est

56 1071 221 1112 quisquam
242 1072 403 1103 doctorum
423 1072 585 1103 hominum
605 1071 660 1111 qui
680 1074 737 1103 tua
751 1081 812 1102 non
833 1071 944 1111 legerit
959 1071 994 1108 ¹⁷;
1015 1070 1173 1110 plerisque
1195 1071 1299 1107 etiam,
1320 1081 1376 1111 pro
1390 1071 1452 1101 tuis
1472 1081 1559 1110 pere-

57 1128 284 1169 grinationibus
306 1129 409 1166 variis,
430 1128 509 1160 facie
530 1129 670 1169 cognitus
684 1138 734 1166 es;
755 1138 845 1159 nemo
866 1130 949 1159 certe
970 1128 1025 1167 qui
1039 1128 1087 1159 vel
1109 1128 1193 1159 fama
1213 1138 1273 1159 non
1295 1130 1327 1159 te
1342 1128 1432 1159 norit.
1453 1129 1558 1167 Atque

55 1186 206 1226 imprimis
225 1196 363 1217 summus
383 1186 450 1226 ipse
471 1186 611 1226 pontifex
627 1188 657 1217 et
672 1185 854 1216 universalis
875 1188 981 1225 pastor
1001 1185 1199 1216 Innocentius
1217 1195 1329 1216 nomen
1348 1187 1437 1215 tuum
1451 1187 1559 1216 notum

55 1243 152 1274 habet
167 1246 198 1274 et
212 1243 360 1274 virtutem
372 1243 473 1274 multa
487 1253 558 1274 cum
571 1243 664 1274 laude
682 1243 939 1279 commendatam,
955 1243 1044 1283 cujus
1057 1246 1089 1274 te
1098 1243 1119 1260 ¹⁸
1132 1242 1230 1280 modo,
1242 1242 1318 1273 sorti
1333 1252 1420 1273 meae
1435 1252 1560 1282 congra-

56 1300 171 1337 tulans,
192 1300 342 1331 induxisti
354 1301 382 1331 ¹⁹.
405 1301 441 1331 In
457 1300 550 1341 hujus
564 1300 707 1340 equidem
721 1310 771 1331 me
783 1302 924 1339 tempora
938 1299 1095 1331 devenisse
1110 1302 1141 1331 et
1155 1299 1187 1330 in
1203 1310 1237 1330 re
1250 1302 1414 1339 praesente
1434 1299 1561 1336 versari,

55 1357 182 1398 gloriari
194 1368 256 1389 non
270 1357 426 1388 immerito
446 1367 579 1397 possum,
600 1367 661 1388 non
676 1360 741 1388 tam
756 1357 838 1397 quod
853 1357 893 1388 ab
909 1366 944 1388 eo
960 1359 990 1387 et
1011 1357 1126 1388 honore
1142 1360 1174 1387 et
1187 1356 1344 1388 beneficiis
1357 1359 1466 1387 auctus
1479 1366 1558 1393 sum,

55 1425 152 1454 quam
167 1414 250 1454 quod
263 1414 368 1445 videre
382 1414 458 1445 mihi
471 1414 560 1445 licuit
577 1414 673 1454 (quod
686 1414 777 1455 longe
787 1414 809 1431 ²⁰
824 1416 907 1445 retro
928 1414 1094 1445 memoriae
1106 1414 1126 1431 ²¹
1142 1424 1203 1444 non
1218 1413 1388 1452 acciderat)
1405 1423 1561 1444 summum

53 1471 233 1511 pontificem
246 1471 347 1511 ipsum
361 1471 647 1511 prudentissimum,
669 1471 819 1511 optimum
834 1473 928 1511 atque
942 1471 1162 1502 doctissimum.
1178 1470 1260 1502 Nam
1280 1471 1415 1511 quidem,
1437 1474 1472 1501 ut
1493 1471 1560 1507 scis,

54 1531 128 1560 ante
150 1528 227 1559 haec
247 1531 398 1568 tempora,
418 1528 475 1560 etsi
496 1538 588 1568 saepe
610 1530 646 1559 tu
666 1528 742 1560 mihi
764 1530 873 1559 contra
885 1529 908 1545 ²²
927 1528 1115 1568 persuadere
1130 1530 1258 1559 conatus
1279 1539 1319 1566 es,
1340 1528 1441 1559 locum
1461 1529 1562 1559 istum

55 1595 181 1625 prorsus
195 1585 360 1626 fugiebam,
376 1586 459 1625 quod
473 1596 565 1625 quem
576 1586 599 1603 ‘²³
620 1585 736 1616 coleret
750 1585 832 1616 alter
844 1585 875 1623 ²⁴,
896 1588 931 1615 ut
945 1585 989 1615 ait
1001 1585 1023 1602 ²⁵
1043 1595 1097 1624 ego
1112 1595 1173 1615 non
1187 1585 1320 1616 colerem
1331 1586 1353 1602 ²⁶
1376 1595 1434 1616 nec
1449 1584 1562 1616 adduci

54 1642 175 1673 ratione
189 1642 256 1673 ulla
269 1645 420 1682 poteram,
434 1646 471 1673 ut
487 1652 583 1683 genus
597 1643 697 1682 ipsum
712 1642 794 1673 vitae
810 1642 897 1682 sequi
910 1641 1032 1673 vellem.
1047 1641 1138 1672 Nunc
1151 1652 1231 1678 vero,
1246 1642 1404 1682 castigatis
1417 1652 1473 1682 per
1487 1652 1559 1673 eum

54 1699 200 1735 moribus,
215 1701 246 1730 et
267 1700 408 1740 purgatis
430 1700 626 1739 superiorum
646 1702 820 1739 temporum
841 1699 932 1735 vitiis,
953 1698 1054 1730 fateor
1063 1699 1096 1735 ²⁷,
1110 1699 1187 1730 mihi
1207 1709 1268 1730 non
1289 1699 1494 1739 injucundum
1510 1699 1560 1729 hic

55 1756 167 1794 vivere,
179 1756 280 1787 dicam
291 1757 403 1794 verius,
415 1757 511 1787 etiam
526 1756 819 1796 injucundissimum
830 1766 923 1796 agere
934 1756 991 1787 sub
1004 1757 1061 1787 11οο
1071 1766 1189 1787 summo
1202 1756 1356 1796 pontifice,
1368 1756 1406 1787 de
1418 1766 1479 1796 quo
1490 1756 1564 1787 licet

53 1815 158 1855 probis
172 1814 245 1845 viris
260 1814 398 1855 (tametsi
413 1813 471 1854 ipsi
484 1813 559 1844 mihi
570 1812 602 1844 id
616 1823 729 1844 nomen
738 1813 761 1830 ²⁸
775 1824 838 1844 non
849 1816 972 1855 arrogo)
984 1815 1067 1846 bona
1080 1824 1215 1854 sperare,
1227 1823 1338 1853 pravos
1348 1823 1420 1845 vero
1432 1813 1515 1844 mala
1527 1813 1564 1844 ti-

54 1882 139 1903 mere
151 1881 274 1903 necesse
286 1874 340 1902 est.
353 1870 442 1910 Quod
452 1871 478 1902 si
489 1871 643 1902 unitatem
654 1870 790 1902 Ecclesia
797 1871 820 1888 ²⁹
831 1871 889 1902 Dei
902 1872 1043 1910 haberet,
1054 1874 1111 1903 aut
1123 1881 1239 1911 pacem,
1251 1881 1385 1911 quarum
1393 1871 1415 1888 ³⁰
1428 1870 1562 1902 alteram

66 1957 72 1974 ⁴
95 1955 159 1984 Scil.
179 1955 249 1984 satis
268 1956 331 1983 erat
829 1956 850 1975 ¹⁶
871 1956 916 1984 Gr.
935 1955 1047 1983 vicinus

65 2001 76 2019 ¹²
95 2000 150 2029 PP.
170 2001 281 2028 mentem
830 2000 852 2017 ¹7
872 2000 938 2028 Reff.
959 2000 1079 2035 lefferint

67 2046 76 2064 ³
94 2045 148 2073 Nei
167 2044 254 2072 codici
271 2043 526 2079 siqniftcarentque
830 2044 851 2063 ¹⁸
869 2043 922 2072 Nei
941 2044 1028 2072 codici
1047 2046 1078 2071 ΐ1ι

65 2089 76 2109 ¹¹
95 2090 149 2118 PP.
171 2088 204 2118 Si
828 2088 850 2107 ¹⁹
867 2088 948 2116 Delia
967 2088 1011 2116 cui
1030 2088 1119 2116 forma
1137 2088 1158 2115 ti
1177 2088 1219 2116 sei
1240 2087 1341 2116 vestito
1363 2087 1566 2123 congratulan-

66 2135 76 2153 ἓ·
94 2134 148 2162 ΡΡ.
169 2133 239 2169 quia
861 2131 919 2159 doti
937 2131 1010 2160 della
1029 2132 1084 2159 mia
1102 2132 1182 2160 sorte.

66 2179 77 2198 ὃ
94 2177 148 2206 Nei
166 2177 254 2205 codici
274 2176 467 2206 excusandum
828 2176 851 2194 m
871 2176 917 2206 Gr.
936 2176 981 2205 ΒΥ,
1002 2176 1063 2204 ΡΜ.
1083 2176 1137 2204 ΡΡ.
1157 2184 1174 2203 α
1195 2175 1277 2211 Zonye

66 2223 75 2242 ⁷
96 2223 152 2251 PP.
165 2230 264 2257 posses
830 2221 850 2238 ‘2¹
872 2221 939 2248 Reff.
959 2220 1040 2255 Ionqe
1059 2221 1135 2247 retro
1153 2220 1292 2248 memoria

67 2267 77 2286 ⁸
94 2267 150 2295 PP.
163 2274 355 2302 permen—quum
829 2265 853 2283 22
871 2265 926 2293 PP.
945 2265 1124 2292 contrarium

66 2311 78 2330 ⁹
95 2311 149 2340 Nei
176 2309 262 2338 codici
289 2312 303 2338 ὁ
331 2308 485 2345 aggiuntoz
515 2310 582 2337 tuae
610 2309 795 2338 habitationis
830 2310 853 2328 ‘³³
871 2309 927 2338 ΡΙ).
948 2317 1035 2344 quam

91 2355 168 2383 locus
829 2353 853 2372 ⁹¹
872 2354 926 2381 Nei
944 2353 1031 2381 codici
1053 2353 1157 2381 caleret
1180 2354 1213 2380 ut
1234 2353 1324 2389 altem
1354 2353 1400 2381 Gr.
1418 2353 1520 2382 coleret
1537 2354 1571 2380 ut

56 2400 78 2418 ¹⁰
97 2399 144 2428 Gr.
163 2407 220 2427 var.
239 2397 351 2426 vicinus
865 2398 937 2426 alter

55 2444 76 2462 ¹¹
96 2443 164 2471 Reff.
183 2442 360 2478 &morareris
830 2443 852 2461 25
871 2442 925 2470 Ait
942 2442 1029 2469 anche
1048 2442 1093 2470 nel
1111 2442 1179 2476 perf.

56 2488 79 2506 ¹2
103 2487 141 2515 Ut
158 2495 207 2522 per
219 2488 303 2521 posto
322 2486 372 2514 elce
832 2486 855 2506 25
872 2487 925 2514 Nei
943 2486 1030 2514 codici
1049 2486 1168 2514 calerent

56 2532 78 2551 ¹³
97 2532 160 2560 Cosi
179 2531 247 2559 Reff.
267 2540 280 2559 e
300 2531 345 2558 Gr.
366 2530 394 2558 in
414 2530 557 2567 margine;
577 2530 654 2567 negli
673 2530 739 2559 altri
752 2538 795 2559 co·
831 2530 853 2549 ³⁷
873 2530 940 2558 Reff.
961 2531 1117 2565 temporum
1137 2530 1232 2563 fateor
1249 2530 1329 2559 vitiis
1346 2530 1419 2559 mihi

91 2575 146 2604 dici
165 2575 190 2604 si
208 2575 317 2603 monita
334 2576 375 2602 est
830 2574 853 2593 2⁸
871 2574 938 2603 Reff.
958 2575 1009 2602 hoc
1026 2582 1130 2602 nomen

58 2620 81 2640 ¹⁴
99 2621 154 2650 PP.
173 2620 245 2649 lenis
833 2618 856 2638 2⁹
875 2619 920 2648 Gr.
940 2619 1085 2647 Ecclesiae

56 2665 80 2685 ¹⁵
100 2665 147 2695 Gr.
165 2665 210 2693 Br.
229 2664 289 2693 PM.
309 2664 364 2692 PP.
382 2664 423 2693 ibi
829 2664 853 2682 3⁰
873 2663 918 2692 Gr.
938 2663 983 2690 ΒΓ.
1003 2662 1064 2692 PM.
1083 2671 1204 2700 quorum

1449 2700 1481 2727 17
