1845 3076
758 185 894 208 nr1srorr.
1522 176 1578 206 173

71 271 200 303 Parenti
229 281 295 302 meo
330 270 483 310 persuade
515 270 590 310 (non
625 269 709 300 enim
739 269 852 300 leviter
885 269 1054 301 dictionem
1086 273 1173 300 tuam
1203 268 1336 308 audiet),
1365 273 1400 299 ut
1430 270 1599 308 componat

83 329 208 360 firmum
229 328 377 359 animuin.
405 327 504 358 Priori
525 326 620 358 finem
642 327 792 366 imponat.
813 336 906 366 quem
929 336 985 357 nec
1006 326 1104 357 virtus
1130 326 1196 357 vult
1217 336 1274 357 nec
1299 328 1387 357 aetas
1409 326 1539 365 patitur,
1561 328 1598 357 ut

74 385 211 426 amplius
242 387 405 426 vegetetur
418 386 433 415 ¹.
467 384 619 415 Affinibus
647 384 775 423 insuper
801 387 832 414 et
861 383 968 415 aniicis
997 383 1150 423 persuade
1167 383 1185 420 ²,
1214 392 1252 413 ne
1275 392 1323 413 me
1345 382 1492 414 desei-int.
1515 382 1595 413 Vale

80 443 203 484 patriae
225 442 319 473 decus
334 442 353 473 ¹³.

783 699 888 730 CXVI.

755 793 783 824 S.
806 794 833 824 d.
857 802 881 824 e.
905 793 923 824 i.

401 869 465 904 (ΒΓ.
481 878 511 904 2).
532 870 569 895 57
585 871 601 896 t.
621 878 635 897 e
653 870 712 902 88,·
750 886 753 887 ⁷
786 868 857 896 PM.
876 876 897 896 e.
919 869 997 896 1:21.-
1035 885 1043 886 κ
1070 868 1132 896 PP.
1152 877 1180 896 w.
1200 869 1275 902 115.)

157 945 337 999 Scripturus
349 957 390 989 ad
405 960 436 988 te
452 958 574 988 fueram
589 967 646 997 per
659 957 845 997 magistrum
861 957 978 988 Lucam
993 957 1032 987 de
1048 956 1168 988 Gaudia
1179 956 1199 993 ⁴,
1214 967 1275 996 quo
1290 956 1446 988 referente
1462 957 1598 996 primuni

79 1016 156 1048 mihi
171 1019 363 1056 compertum
378 1018 434 1053 est,
456 1015 604 1046 resedisse
616 1015 627 1031 ⁵
650 1024 702 1045 vos
718 1014 818 1045 Ticini
838 1013 923 1054 apud
937 1013 1027 1045 illum
1040 1013 1196 1045 illustrem
1217 1014 1400 1054 principem,
1416 1014 1470 1054 qui
1485 1015 1598 1054 probos

79 1075 160 1106 viros
175 1076 207 1105 et
220 1073 389 1105 honoribus
410 1082 562 1104 exornare
578 1074 609 1103 et
624 1071 787 1103 cumulare
809 1071 956 1111 praemiis
970 1081 1032 1101 11011
1054 1071 1157 1102 minus
1172 1071 1268 1102 vellet
1289 1082 1385 1111 quam
1406 1074 1516 1111 posset.
1537 1071 1598 1103 Sed

79 1131 202 1166 accidit,
225 1134 271 1168 ut,
300 1141 398 1170 quum
425 1129 479 1161 ille
500 1129 562 1160 huc
590 1129 727 1166 accessit,
755 1139 811 1169 ego
838 1129 959 1160 abitum
988 1139 1134 1169 pararem
1149 1129 1167 1159 ⁶.
1196 1128 1288 1165 Nam,
1316 1128 1525 1160 invalescente
1546 1128 1597 1159 hic

80 1189 183 1220 acrius
197 1190 295 1228 peste,
308 1198 369 1228 quo
384 1187 472 1218 illam
485 1187 686 1224 declinarem,
702 1190 737 1217 ut
752 1186 965 1226 superioribus
981 1186 1070 1217 annis
1085 1196 1219 1226 egeram,
1233 1186 1266 1216 in
1280 1186 1446 1223 Histriam,
1462 1186 1600 1226 patriam

78 1256 192 1283 meam,
212 1256 262 1277 me
281 1245 408 1277 contuli.
433 1245 493 1276 Ubi
507 1255 561 1276 sex
582 1245 713 1285 integris
728 1244 888 1275 mensibus
909 1243 1034 1283 perstiti
1056 1244 1200 1283 (moleste
1221 1253 1306 1280 sane,
1328 1243 1410 1283 quod
1425 1243 1509 1275 omni
1530 1253 1600 1274 con·

79 1304 175 1336 sortio
195 1303 359 1335 doctorum
379 1303 542 1334 hominum
562 1303 720 1339 carebam,
741 1304 777 1332 ut
798 1304 844 1332 est
864 1301 907 1332 ibi
928 1301 1041 1332 talium
1061 1311 1183 1332 summa
1204 1301 1363 1341 penuria),
1394 1300 1447 1331 sed
1470 1311 1528 1337 me,
1551 1300 1598 1331 uti

80 1364 233 1402 poteram,
254 1361 343 1392 libris
365 1363 396 1392 et
417 1360 517 1391 literis
538 1360 729 1397 consolabar,
751 1362 783 1390 et
807 1359 943 1390 maxime
963 1359 1093 1399 graecis,
1114 1359 1230 1399 quibus
1257 1358 1429 1398 plurimum
1451 1361 1482 1389 et
1503 1358 1601 1388 studii

82 1422 114 1450 et
134 1418 283 1459 temporis
303 1418 450 1458 impendi.
472 1418 584 1458 Itaque
605 1417 707 1448 multa
727 1427 764 1448 ex
786 1416 967 1454 Plutarcho,
991 1416 1147 1456 quaedam
1168 1417 1265 1447 etiam
1281 1425 1317 1447 ex
1338 1415 1529 1456 Thucydide,
1544 1416 1600 1456 qui

82 1476 187 1508 nescio
208 1486 249 1507 an
268 1476 409 1508 ornatior
427 1475 482 1506 sed
502 1478 589 1506 certe
611 1475 734 1515 gravior
754 1474 903 1505 historiae
927 1476 1019 1505 autor
1040 1474 1116 1505 mihi
1138 1474 1221 1505 visus
1242 1476 1295 1504 est.
1323 1472 1470 1513 Gorgiam
1491 1473 1539 1504 bis
1561 1483 1599 1503 ex

81 1534 203 1574 integro
219 1533 326 1564 evolvi.
345 1533 381 1563 In
396 1543 457 1573 quo
471 1532 572 1564 audeo
593 1532 673 1563 illud
687 1532 791 1563 dicere
805 1532 993 1572 praeterisse
1015 1541 1064 1562 me
1079 1541 1190 1571 pauca,
1210 1541 1291 1571 quae
1306 1541 1368 1561 non
1382 1530 1600 1570 intelligerem.

78 1591 223 1623 Odisseae
243 1590 373 1622 Homeri
392 1591 507 1622 bonam
535 1599 744 1630 magnamque
773 1592 896 1630 partem
924 1589 995 1629 legi,
1021 1588 1150 1629 adjutus
1176 1588 1436 1628 interpretatione
1465 1587 1599 1625 Leontii,

82 1658 179 1689 quam
198 1658 321 1679 mecum
342 1647 527 1679 detuleram.
557 1647 683 1678 Miraris
712 1647 855 1678 forsitam
884 1646 968 1677 unde
990 1646 1045 1677 hos
1065 1646 1160 1677 libros
1187 1645 1349 1686 coegerim.
1380 1645 1489 1676 Dicam
1516 1654 1600 1676 sane.

80 1705 210 1737 Praeter
231 1705 398 1742 Odisseam,
419 1715 515 1745 quam
535 1715 555 1736 a
576 1704 732 1742 Pallante,
755 1706 787 1736 et
809 1703 966 1744 Gorgiam,
995 1713 1089 1744 quem
1110 1714 1129 1734 a
1151 1703 1277 1740 Jacobo,
1305 1705 1445 1734 caeteros
1467 1712 1486 1733 a
1507 1702 1603 1734 Petro

81 1763 181 1794 Miani
200 1765 312 1794 veneto
333 1762 431 1794 habui
444 1762 463 1793 ⁷.
495 1761 605 1802 Neque
627 1762 710 1793 enim
732 1765 779 1792 est
800 1762 923 1793 animus
951 1761 1027 1792 mihi
1047 1761 1081 1791 id
1102 1771 1286 1801 graecarum
1314 1760 1489 1796 literarum,
1518 1759 1603 1799 quod

80 1820 169 1862 gravi
186 1820 294 1852 labore
311 1822 342 1851 et
355 1820 458 1851 multa
471 1819 670 1851 solicitudine
685 1819 789 1857 didici,
811 1819 1007 1860 negligenter
1021 1818 1147 1849 habere.
1170 1817 1259 1856 Quod
1276 1820 1311 1849 ut
1325 1817 1495 1857 intelligas,
1511 1817 1603 1848 mitto

79 1878 122 1910 ad
135 1880 167 1909 te
183 1879 304 1918 poetica
323 1877 481 1919 quaedam
491 1877 511 1916 ⁸,
525 1880 557 1909 et
571 1877 648 1909 item
663 1877 726 1908 alia
741 1887 779 1908 ex
795 1876 936 1914 Platone,
951 1887 1084 1916 quorum
1105 1876 1399 1916 interpretationem
1414 1874 1492 1906 mihi
1507 1874 1601 1905 velim

82 1935 234 1967 edisseras
245 1935 264 1966 ⁹.
286 1935 360 1967 Sum
375 1935 426 1966 hic
439 1937 508 1966 octo
529 1935 628 1966 ferme
643 1934 762 1972 diebus,
783 1938 815 1965 et
829 1934 901 1965 veni
922 1943 1098 1971 mansurus,
1118 1933 1244 1965 tametsi
1258 1944 1320 1965 non
1340 1932 1380 1963 sit
1401 1932 1510 1963 civitas
1524 1932 1602 1963 haec

80 2003 209 2034 prorsus
231 2003 250 2024 a
271 1995 358 2033 peste
379 1992 488 2024 libera.
518 1991 621 2030 Quum
642 1992 758 2023 scivero
786 2001 851 2032 qua
872 1992 923 2023 via
942 1991 1056 2032 possim
1077 1991 1118 2023 ad
1138 2002 1192 2023 vos
1215 1991 1421 2031 perscribere,
1451 1989 1561 2021 crebro
1582 2000 1602 2020 a

81 2061 130 2082 me
151 2050 260 2082 literas
280 2050 443 2082 habebitis.
470 2049 555 2087 Vale,
577 2052 609 2080 et
629 2049 793 2080 Emanueli
814 2049 879 2081 viro
899 2049 1076 2081 doctissimo
1097 2052 1155 2081 etc.

93 2414 100 2431 ¹
121 2413 184 2441 cosi
203 2412 249 2441 Br.
262 2412 323 2440 PM.
337 2421 350 2440 e
367 2412 421 2440 PP.
442 2411 522 2440 Altro
542 2411 634 2440 codice
654 2412 689 2439 ha
709 2413 822 2448 z-eyetet.
869 2413 881 2429 5
901 2412 966 2440 Cosi
987 2411 1032 2439 Br.
1051 2410 1103 2444 883
1122 2408 1161 2445 gli
1181 2408 1248 2437 altri
1267 2408 1355 2436 codici
1374 2407 1490 2436 rediisse

117 2457 202 2485 Forse
221 2455 323 2491 meglio
342 2457 477 2492 reyeatur
869 2457 880 2474 ⁶
899 2456 963 2484 Cosi
983 2456 1030 2483 Br.
1043 2455 1077 2483 88
1096 2463 1109 2481 e
1124 2454 1197 2488 PR,
1216 2451 1257 2489 gli
1275 2451 1341 2480 altri
1360 2452 1539 2481 accessisset.
1555 2474 1561 2480 .
1576 2475 1581 2481 .
1596 2473 1604 2480 .

92 2502 105 2520 ²
122 2501 187 2529 Nou
205 2500 230 2528 si
249 2501 329 2537 legge
349 2500 395 2528 nei
412 2499 500 2528 codici
512 2501 666 2536 persuade,
684 2509 729 2528 ma
741 2501 756 2527 ὀ
769 2502 823 2529 sot·
890 2502 1028 2535 putarem

115 2545 220 2573 tinteso
871 2547 882 2563 ⁷
902 2545 948 2572 Br.
966 2543 1001 2572 88
1019 2545 1120 2572 omette
1139 2542 1228 2571 habui

94 2591 105 2608 ³
122 2590 177 2618 PP.
197 2597 253 2618 11011
270 2589 307 2617 ha
325 2591 422 2624 queste
442 2589 493 2616 due
512 2589 607 2617 ultime
626 2589 729 2624 parole.
871 2590 882 2607 ⁸
901 2589 956 2616 PP.
970 2589 1086 2623 poetam
1104 2587 1248 2622 quendam

94 2635 105 2653 ⁴
124 2634 169 2663 Br.
193 2633 227 2662 88
246 2642 302 2669 per
324 2633 438 2662 Lucam
465 2634 498 2662 de
524 2634 656 2669 Candia3
680 2633 726 2663 Br.
753 2634 786 2662 57
809 2642 822 2661 e
871 2635 882 2651 ‘³
901 2633 1079 2667 Edisserere,
1098 2631 1225 2667 spiegare
1245 2631 1322 2666 parte
1341 2638 1355 2658 a
1376 2632 1454 2665 parte

119 2678 181 2707 PM.
200 2678 244 2706 M.
264 2677 302 2707 L.
322 2678 355 2707 de
377 2677 490 2707 Oandia
