1845 3076
774 175 910 199 neisroffi
1548 171 1603 202 165

815 352 876 383 CX.

461 452 638 484 {JGONI
683 453 747 484 ΗΕ
790 454 810 483 F
828 453 975 485 ΗΒΕΑ
994 455 1085 484 ΗΙΑ
1127 455 1234 485 ι31).

527 536 684 559 noxoxms.
698 537 726 558 n·
742 537 808 559 mu<
822 537 880 560 our.
895 530 978 560 1390.
992 538 1162 561 Riirrissme

483 603 594 638 (312]1.
613 604 672 630 ⁴25³:
696 620 717 622 ν-
739 604 806 631 ΡῙΙῙ.
827 615 847 631 r.
868 606 908 631 Ilf!
923 607 959 632 L:
976 621 1006 623 Ἀ
1026 606 1084 633 ΙἸ).
1105 614 1132 633 u.
1152 608 1208 634 1¹¹.)

169 701 345 733 Salubriter
366 700 491 741 quidem
513 711 660 741 gennano
680 707 735 734 tuo
756 713 866 742 nuper,
881 703 988 733 amice.
1001 703 1191 739 consuluisti,
1213 708 1367 743 quatenus
1381 705 1397 740 ¹,
1420 714 1489 735 cum
1511 705 1550 735 ad
1565 708 1597 736 te

89 760 248 798 scriberet,
269 760 365 797 brevi,
386 760 569 800 illigatoque
589 770 730 791 sermone
751 764 886 791 mentem
909 771 997 792 suam
1018 762 1216 801 exprimeret,
1237 765 1269 792 et
1285 761 1446 800 prolixum.
1468 772 1592 793 accura—

93 820 223 858 tumque
247 827 430 850 sermonem.
456 820 608 857 tanquam
638 818 817 857 professioni
845 828 919 849 suae
947 818 1120 855 adversum,
1148 819 1270 849 vitaret.
1302 818 1441 849 Salubris
1470 819 1596 859 quidem

89 875 191 906 suasio
202 876 221 912 ⁴³,
244 879 465 914 maturumque
481 875 650 906 eonsilium.
674 875 754 913 Quid
769 875 851 906 enim
865 875 1044 907 damnosius
1064 875 1209 912 studioso,
1221 886 1316 916 quam
1337 875 1512 906 studiorum
1528 886 1596 916 per-

89 933 208 970 mixtio,
222 943 283 973 que
297 942 418 973 semper
439 932 620 964 flaccentem
635 933 646 949 ³
667 932 770 964 reddit
791 937 823 964 et
837 933 914 963 nulli
935 933 1091 964 intentum
1113 933 1252 964 animum
1268 943 1333 964 esse
1354 933 1451 965 sinit?
1472 933 1518 963 Ol)
1539 934 1597 964 hoc

89 990 166 1022 mihi
193 990 273 1022 illud
293 993 325 1022 et
345 990 532 1030 persuadere
560 991 650 1022 credo
671 994 703 1021 et
724 1000 907 1030 persuasum
933 991 999 1031 jam
1026 1000 1089 1022 esse
1117 991 1194 1028 volo,
1223 991 1356 1021 maxime
1383 991 1458 1030 quia
1486 991 1595 1022 iisdem

89 1048 182 1080 ambo
197 1048 308 1079 studiis
323 1048 476 1088 angimur,
499 1048 672 1088 eademque
685 1048 773 1079 nobis
788 1048 962 1079 studiorum
977 1052 1061 1079 meta
1083 1049 1274 1088 proponitur.
1298 1048 1342 1079 Re
1358 1048 1483 1088 quidem
1497 1050 1598 1079 sentio

88 1108 226 1146 quantae
243 1105 388 1146 jacturae
402 1105 443 1136 sit
464 1105 660 1145 eloquentiae
681 1106 818 1137 studium
840 1105 932 1137 alteri
953 1105 1056 1136 studio
1077 1105 1200 1137 deditis,
1215 1109 1245 1137 et
1261 1105 1349 1137 nobis
1369 1106 1513 1142 maximo,
1538 1105 1593 1145 qui

89 1162 226 1194 scientiis
239 1163 334 1193 mutis
349 1162 526 1194 insistimus.
542 1163 579 1193 In
593 1163 733 1193 omnibus
753 1163 850 1203 igitur
863 1162 961 1194 literis
976 1163 1051 1194 meis
1067 1173 1102 1194 eo
1117 1166 1219 1194 tecum
1240 1173 1380 1194 sermone
1393 1163 1514 1202 loquar,
1530 1172 1593 1202 quo

91 1220 138 1251 uti
161 1230 264 1251 coram
277 1229 345 1251 sum
359 1220 476 1257 solitus,
491 1231 526 1251 a(-
541 1223 572 1250 te
586 1224 783 1260 praesentem
800 1220 927 1260 putabo.
943 1220 982 1250 Et
996 1220 1147 1260 quidquid
1166 1220 1324 1257 acciderit,
1339 1221 1397 1252 tibi
1411 1220 1596 1260 quotidiano

92 1286 232 1308 sermone
253 1277 452 1317 perscribam.
477 1276 567 1308 Nunc
592 1278 698 1317 itaque
719 1278 838 1318 gaude:
868 1281 981 1308 cuncta
1003 1288 1148 1317 prospere
1173 1278 1351 1308 succedunt.
1381 1279 1407 1308 A
1433 1281 1465 1308 te
1491 1277 1592 1317 pridie

89 1335 219 1375 sospites
230 1335 433 1371 discedentes,
443 1335 622 1367 Bononiam.
633 1335 706 1371 Diis,
716 1335 954 1375 hominibusque
968 1335 1152 1372 faventibus,
1160 1336 1289 1375 sospites
1303 1335 1491 1369 devenimus.
1502 1338 1598 1375 atque

89 1392 130 1424 ab
145 1392 288 1424 omnibus
302 1393 434 1433 gratiose
448 1393 583 1432 suscepti
606 1393 734 1432 sospites
749 1393 909 1433 hucusque
929 1393 1164 1432 permansimus,
1187 1395 1292 1432 atque,
1307 1396 1342 1423 ut
1356 1403 1455 1433 spero,
1470 1392 1594 1423 volente

89 1449 164 1488 Deo,
186 1450 219 1480 in
240 1453 398 1490 posterum
419 1450 678 1490 permanebimus.
702 1450 814 1482 Omnes
835 1456 951 1487 autem,
972 1451 1026 1490 qui
1046 1455 1078 1481 te
1099 1453 1259 1487 noverant,
1280 1460 1321 1481 an
1342 1451 1485 1486 venisses,
1508 1453 1595 1480 etan

85 1507 214 1544 valeres,
241 1507 415 1538 avidissime
436 1507 669 1547 perquirebant,
690 1511 784 1548 teque
813 1508 988 1539 avidissime
1008 1511 1077 1548 post
1099 1509 1174 1539 haec
1202 1508 1292 1538 festa.
1316 1511 1351 1538 ut
1372 1507 1529 1547 pollicitus
1556 1516 1598 1544 es,

88 1566 257 1596 venturum
277 1567 452 1605 expectant.
475 1564 607 1605 Vulgari
628 1567 742 1601 tecum,
763 1568 799 1595 ut
819 1565 912 1602 vides,
933 1575 1073 1596 sermone
1093 1565 1221 1605 loquor,
1244 1568 1279 1595 tu
1299 1567 1416 1601 autem,
1435 1574 1506 1595 cum
1526 1574 1596 1604 sup-

89 1621 170 1662 petit
190 1621 299 1659 otium,
319 1632 453 1662 cumque
467 1622 526 1653 tibi
545 1632 607 1653 non
627 1632 739 1662 parum
753 1625 880 1653 strenue
902 1622 1112 1662 aptitudinem
1134 1622 1175 1653 ad
1195 1622 1407 1662 eloquentiam
1429 1621 1550 1652 coelum
1564 1624 1597 1652 et

86 1681 203 1710 natura
223 1679 388 1715 dederunt,
409 1679 467 1710 hoc
487 1689 617 1710 munere
638 1679 772 1710 feliciter
791 1682 889 1710 utere.
918 1679 949 1710 Si
969 1679 1027 1710 tibi
1048 1679 1201 1719 quidquid
1222 1689 1276 1710 seu
1301 1679 1400 1710 libero
1427 1678 1509 1715 stilo,
1535 1687 1590 1708 seu

86 1736 156 1777 lege
176 1736 323 1767 carminis
342 1739 535 1767 coarctatum
549 1736 590 1768 ad
603 1747 658 1767 nos
679 1737 798 1768 dictare
819 1737 957 1774 libuerit,
969 1740 1084 1768 cuncta
1104 1746 1226 1776 semper
1247 1736 1474 1776 elegantissime
1490 1735 1594 1767 facere

86 1793 211 1834 poteris.
234 1794 300 1834 Eya
321 1804 402 1835 ergo,
431 1794 540 1831 scribe,
568 1797 600 1825 et
620 1795 754 1834 saepius,
781 1794 886 1835 sicque
914 1794 1063 1829 animum,
1091 1794 1277 1834 plerumque
1304 1793 1511 1824 laborantem.
1541 1796 1597 1824 tuo

87 1851 306 1884 amoenissimo
327 1851 450 1892 eloquio
471 1852 564 1891 erige.
586 1851 688 1883 refove
710 1856 741 1883 et
762 1854 914 1883 restaura.
938 1852 1024 1883 Vale.

97 2535 105 2552 ¹
130 2533 276 2570 Quatenus
295 2534 323 2562 111
343 2534 389 2562 Br.
409 2542 422 2561 e
441 2533 501 2561 PI-i.
527 2532 651 2566 Trovasi,
676 2541 748 2561 come
767 2532 823 2567 qui.
871 2536 880 2550 '³
901 2532 1044 2563 Flam-ere.
1062 2532 1250 2567 illanguidire.
1272 2533 1309 2561 Lo
1328 2533 1421 2567 spazio
1442 2540 1489 2567 per
1501 2532 1602 2567 questa

118 2578 268 2613 adoperato
286 2586 335 2613 per
353 2579 393 2606 ut.
413 2577 481 2605 Vedi
507 2577 569 2612 Ulp.
589 2576 653 2612 Dig.
674 2576 722 2604 IV.
742 2577 768 2605 2.
789 2577 822 2603 13
893 2577 990 2612 pai-ola
1008 2579 1022 2603 e
1042 2576 1156 2605 laseiato
1176 2576 1205 2604 in
1223 2577 1322 2606 bianco
1341 2577 1369 2604 in
1385 2577 1480 2605 alcuni
1500 2576 1597 2604 codici.

118 2631 136 2651 a
152 2622 236 2658 med.;
255 2622 335 2650 Paul.
352 2621 426 2650 ibid..
446 2622 520 2656 XIX,
539 2623 565 2649 2.
584 2622 625 2649 55.
892 2622 966 2650 Altri
984 2621 1082 2650 dicono
1101 2622 1249 2655 flaventem
1269 2629 1319 2649 con
1332 2621 1478 2650 manifesto
1498 2628 1598 2650 errore.

94 2668 105 2686 ²
123 2667 280 2696 Persuasio
299 2666 328 2694 in
347 2667 402 2694 PP.
