1845 3076
771 151 910 175 EPISTOLE
1544 143 1601 175 109

84 236 235 277 gravitas,
262 236 444 276 magnitudo
466 235 563 267 animi
584 235 759 273 vehemens,
780 238 821 273 et,
849 245 932 276 quae
952 233 1065 266 inflare
1091 237 1232 266 caeteros
1251 234 1360 272 soleat,
1392 234 1601 266 maximarum

88 303 193 325 rerum
211 294 219 311 ¹
239 293 347 334 gloria,
368 295 414 324 est
435 295 541 324 tamen
562 295 595 324 et
615 293 795 324 humanitas
815 302 946 330 summa,
975 296 1007 324 et
1027 292 1165 330 comitas,
1193 292 1399 332 aequitasque
1421 291 1600 332 singularis,

88 360 160 382 cum
179 349 220 381 ad
240 359 346 381 omnes
367 350 514 389 homines,
534 352 604 380 tum
625 349 666 380 ad
685 359 738 381 eos
759 349 894 380 maxime
915 349 970 389 qui
990 349 1104 380 litteris
1118 352 1149 380 et
1163 359 1250 380 sacro
1271 349 1334 380 otio
1355 348 1493 380 student.
1508 348 1600 388 Nam,

89 409 127 438 ut
145 406 184 438 de
198 417 247 438 me
268 407 334 447 ipso
355 406 467 444 dicam,
488 406 520 437 in
535 416 597 447 quo
615 405 695 437 nihil
716 408 765 438 est
785 406 868 446 quod
889 406 989 438 amari
1010 406 1102 447 digne
1119 406 1225 446 possit,
1246 406 1305 436 nisi
1326 406 1406 437 soite
1427 405 1486 437 hoc
1498 406 1600 446 ipsum

89 464 174 505 quod
193 463 293 495 amari
313 474 333 494 a
353 463 456 503 dignis
476 463 577 503 cupio,
600 473 677 503 quas
698 463 756 495 tibi
777 463 895 503 gratias
916 473 1010 503 agere
1030 473 1164 503 possum,
1186 472 1263 502 quas
1281 462 1363 494 vices
1383 462 1524 500 reddere,
1545 463 1601 503 qui

89 531 153 552 non
166 520 256 552 modo
277 530 450 560 numquam
465 530 514 551 me
527 519 702 551 dissimulas
723 522 823 556 tuum,
845 520 899 551 sed
915 529 1104 561 magnopere
1123 529 1289 556 asseveres,
1304 530 1340 550 36
1354 520 1460 559 palam
1483 520 1601 560 ubique

88 577 212 618 probes,
234 588 346 618 meque
367 580 457 608 tuum
477 577 552 608 velis
569 580 601 608 et
615 587 680 608 esse
701 586 824 617 semper
837 580 868 608 et
883 577 991 608 videri.
1012 577 1075 617 Ego
1095 587 1178 614 vero,
1200 587 1294 616 quam
1309 580 1340 608 te
1361 577 1470 614 colam,
1492 587 1600 617 quam-

88 644 149 675 que
163 635 173 652 2
188 638 219 666 te
235 634 359 671 faciam,
381 645 419 666 ex
440 634 496 666 hoc
517 644 686 675 cognosces.
708 634 800 672 Nam,
822 634 944 674 quoties
958 634 999 665 ad
1020 637 1052 665 te
1073 634 1171 672 venio,
1193 644 1231 664 ea
1245 634 1307 665 fide
1323 644 1401 671 sum,
1422 636 1458 664 ut
1478 634 1518 664 ad
1533 644 1601 665 san-

88 692 259 724 ctissimum
280 691 436 731 quoddam
452 691 540 722 vivae
554 693 650 731 atque
670 701 762 722 verae
778 691 903 722 virtutis
923 691 1077 731 templum
1094 691 1241 722 accedere
1255 691 1331 721 1111111
1351 691 1467 728 videar,
1482 691 1536 722 ubi
1552 691 1602 722 de-

87 749 203 780 sideria
223 759 294 780 mea
314 749 472 789 castigem,
494 758 562 788 spes
584 748 712 788 erigam,
733 748 959 779 sollicitudines
979 748 1144 788 deponam,
1165 751 1197 779 et
1212 748 1387 779 studiorum
1409 758 1558 785 meorum,
1576 748 1601 778 si

89 816 153 847 qua
172 806 233 836 illis
248 806 316 837 laus
332 809 388 843 est,
410 816 448 837 ex
461 808 517 837 tuo
534 806 652 846 judicio
674 806 812 837 fructum
833 805 986 845 optimum
1008 806 1138 845 capiam.
1160 805 1250 836 Unde
1270 805 1316 844 fit,
1332 808 1376 842 ut,
1397 805 1472 835 dum
1488 805 1601 836 abeam

89 864 179 904 quasi
194 874 232 895 ex
248 863 373 895 coelesti
393 873 559 903 congressu
579 863 712 902 rediens,
734 862 888 903 quidquid
907 863 1073 894 instituero
1093 865 1148 894 aut
1168 863 1264 894 actu³
1276 887 1283 894 .
1297 888 1303 893 .
1317 887 1324 893 .
1345 863 1449 893 facere
1469 862 1519 893 vel
1533 866 1603 893 arte

90 921 203 959 dicere,
220 921 298 952 nihil
312 921 388 951 mihi
402 920 526 952 difficile
548 921 634 952 factu
650 920 798 961 judicem.
819 920 906 952 Haec
926 923 1033 951 autem
1048 920 1126 951 fides
1146 922 1203 951 aut
1216 920 1324 960 religio
1340 920 1506 959 quaedam,
1529 930 1602 950 611111

87 989 137 1010 1116
151 979 278 1016 habeat,
294 980 326 1009 et
339 980 476 1009 caeteros
493 988 615 1018 quoque
630 989 691 1009 non
708 978 861 1018 praeterit
873 978 894 1015 ⁴,
914 980 1010 1018 atque
1031 978 1064 1008 in
1079 977 1187 1017 primis
1203 977 1370 1008 Dominum
1388 977 1602 1014 Omnebomcm,

87 1036 262 1076 praestanti
278 1035 379 1066 virum
393 1035 526 1076 ingenio,
548 1036 735 1075 viitutisque
749 1046 786 1066 ac
801 1035 966 1066 literarum
988 1035 1256 1072 studiosissimum,
1278 1037 1310 1066 et
1323 1038 1397 1065 tuae
1412 1033 1604 1074 integritatis

88 1093 314 1124 admiratorem
335 1093 549 1133 praecipuum.
571 1093 600 1124 Is
622 1093 713 1130 enim,
735 1103 807 1124 611111
827 1096 903 1124 ante
923 1092 979 1124 hos
993 1092 1059 1123 dies
1079 1092 1112 1122 in
1134 1092 1222 1123 curia
1243 1096 1275 1123 te
1297 1092 1491 1123 convenisset
1507 1093 1605 1131 (vere-

90 1150 191 1181 cunde
212 1150 338 1190 quidem
359 1153 395 1181 ut
416 1153 447 1181 et
468 1150 533 1190 ipse
559 1160 682 1190 semper
701 1150 780 1181 solet
794 1151 805 1167 ⁵
832 1153 864 1181 et
883 1150 1081 1190 splendorem
1110 1152 1201 1180 tuum
1221 1150 1331 1180 decere
1358 1149 1602 1189 arbitrabatur),

90 1209 157 1238 tam
178 1208 317 1238 humane
332 1209 379 1238 est
392 1217 412 1239 a
424 1209 456 1238 te
470 1207 657 1248 appellatus,
678 1210 745 1238 tam
760 1207 893 1247 benigne
914 1207 1051 1244 habitus,
1066 1209 1102 1238 ut
1115 1207 1193 1237 1111111
1212 1206 1272 1238 sibi
1286 1207 1388 1247 potius
1408 1206 1492 1243 velit,
1508 1216 1604 1246 quam

89 1267 126 1295 ut
146 1267 220 1296 tuus
239 1265 289 1304 sit,
311 1268 342 1295 et
357 1265 390 1295 id
410 1267 485 1305 agat
505 1275 566 1305 quo
588 1265 712 1305 placere
734 1265 793 1296 tibi
814 1265 918 1304 possit.
939 1264 1021 1295 Nam
1035 1275 1106 1295 cum
1129 1264 1168 1295 de
1187 1265 1281 1296 rebus
1301 1275 1338 1295 ac
1359 1264 1470 1295 studiis
1491 1264 1553 1294 suis
1567 1273 1604 1294 ea

89 1322 288 1362 indulgentia
300 1323 560 1362 percunctareris,
575 1332 612 1353 ea
628 1322 791 1363 diligentia
804 1333 841 1354 36
854 1322 917 1353 fide
931 1332 1082 1359 moneres,
1097 1321 1252 1362 simulque
1267 1321 1489 1358 adhortare1·is‚
1504 1321 1604 1352 visum

88 1382 135 1410 est
150 1379 231 1410 31111(ἦ
252 1379 284 1409 id
299 1379 382 1419 quod
402 1380 513 1419 utique
528 1382 584 1417 est,
599 1390 661 1411 non
682 1379 740 1410 nisi
755 1390 793 1410 ex
807 1379 931 1411 infinita
950 1379 1089 1419 quadam
1109 1379 1252 1410 bonitate
1274 1378 1399 1419 prodire
1414 1378 1491 1409 haec
1505 1387 1602 1417 posse.

89 1435 309 1475 Quamobrem,
330 1438 366 1467 ut
386 1436 502 1467 caeteri
523 1436 651 1477 frugum
671 1447 801 1468 suarum
823 1437 898 1474 Deo,
919 1437 966 1467 ita
979 1437 1044 1477 ipse
1059 1436 1128 1473 tibi,
1150 1436 1220 1467 divo
1235 1437 1246 1452 ⁷
1267 1436 1395 1473 homini,
1416 1435 1533 1475 ingenii
1554 1435 1602 1465 sui

87 1493 242 1534 primitias
263 1492 362 1525 offert.
384 1493 424 1524 Et
439 1494 569 1534 vulgare
587 1504 724 1531 carmen,
746 1494 830 1534 quod
842 1494 875 1525 iu
889 1494 998 1526 laudes
1011 1497 1083 1525 tuas
1097 1494 1205 1531 edidit,
1218 1496 1286 1524 tam
1306 1493 1470 1525 sententiis
1484 1492 1602 1532 quam⁸

87 1551 190 1582 verbis
209 1551 339 1592 insigne,
366 1551 562 1589 transmittit,
590 1551 623 1582 in
645 1561 717 1591 quo,
738 1561 808 1583 cum
828 1555 953 1583 caetera
980 1552 1085 1583 omnia
1104 1551 1239 1591 probare
1266 1551 1378 1582 merito
1399 1550 1503 1590 possis,
1529 1552 1598 1580 tum

88 1608 306 1640 vehementem
326 1607 533 1646 affectionem,
560 1619 623 1649 qua
642 1609 668 1639 is
688 1608 730 1640 ad
750 1611 782 1640 te
804 1611 860 1646 est,
889 1608 1057 1640 admittere
1085 1619 1211 1648 prorsus
1233 1608 1338 1640 debes.
1366 1608 1470 1640 Multa
1491 1620 1529 1641 ex
1549 1609 1604 1641 illo

86 1666 127 1697 de
147 1666 342 1706 philosophia
362 1666 472 1697 audire
493 1666 572 1697 alias
592 1666 718 1706 poteris,
747 1676 843 1706 quam
868 1665 961 1706 plene
982 1666 1104 1697 dudum
1133 1666 1313 1706 complexus
1334 1669 1380 1697 est
1395 1667 1415 1704 ⁹,
1443 1666 1544 1698 multa
1564 1667 1603 1698 de

87 1723 219 1764 legibus,
240 1733 374 1763 quarum
395 1724 582 1756 immensam
602 1724 664 1755 vim
684 1723 909 1764 propemodum
926 1724 994 1765 jam
1015 1724 1152 1765 attingit.
1173 1723 1265 1755 Nunc
1285 1726 1440 1764 quantum
1461 1724 1604 1756 oratione

87 1781 193 1821 possit,
214 1780 321 1812 videas
342 1781 425 1812 licet.
444 1781 547 1822 Hujus
567 1791 617 1813 me
645 1782 782 1813 muneris
802 1782 949 1813 nuntium
965 1782 987 1799 ¹⁰
1008 1791 1075 1814 esse
1095 1781 1204 1819 voluit,
1232 1792 1331 1822 quum
1350 1781 1453 1819 sciret,
1474 1791 1524 1813 me
1544 1782 1604 1813 tibi

90 1848 153 1870 non
172 1848 286 1879 parum
306 1838 456 1870 dilectum
477 1849 552 1876 esse,
574 1849 611 1870 ac
631 1841 798 1879 propterea
825 1839 907 1871 dono
928 1839 1085 1880 praetium
1110 1839 1205 1880 adjici
1226 1849 1265 1870 ex
1285 1849 1334 1870 me
1362 1849 1450 1879 posse
1471 1839 1606 1870 arbitra-

88 1897 186 1927 retur.
207 1895 247 1927 Et
266 1906 322 1937 ego
342 1896 478 1928 libenter
501 1897 632 1937 suscepi.
652 1896 867 1937 Praesensque
879 1897 899 1914 ¹¹
921 1897 1082 1935 venissem,
1104 1899 1136 1928 et
1156 1907 1240 1928 nunc
1260 1899 1292 1928 et
1306 1897 1416 1929 crebro
1437 1899 1512 1929 ante
1532 1897 1602 1934 1136,

89 1953 149 1984 11131
169 1953 287 1986 veritas
309 1963 416 1992 essem,
440 1964 480 1985 ne
500 1956 532 1985 te
554 1955 685 1994 negotiis
706 1954 839 1995 publicis
860 1954 1049 1995 implicitum
1070 1954 1287 1986 distraherem.
1315 1954 1408 1986 Nunc
1427 1955 1488 1986 ista
1507 1954 1604 1996 leges.

91 2010 234 2049 Posthac,
254 2011 408 2052 siquando
424 2013 447 2029 ¹²
466 2022 518 2043 me
536 2012 629 2050 voles,
650 2014 687 2043 ut
706 2012 732 2043 si
752 2012 803 2043 6111
824 2011 883 2044 tibi
903 2012 1061 2053 voluptati
1081 2022 1146 2044 esse
1167 2021 1313 2052 praesens
1333 2014 1452 2052 potero,
1467 2012 1603 2044 liberum

90 2077 214 2108 semper
233 2071 329 2109 atque
351 2069 533 2110 expeditum
553 2069 701 2101 invenies.
723 2069 811 2101 Vale.

103 2379 113 2396 ¹
132 2378 188 2406 ΡΡ.
207 2379 333 2406 aetatum
878 2378 890 2395 ⁶
908 2376 961 2405 Nei
979 2375 1068 2404 codici
1088 2376 1139 2403 tibi

102 2424 114 2441 Ξ
181 2445 187 2451 .
225 2431 233 2449 2
298 2431 305 2449 z
878 2420 1149 2448 ''Nicodicidico

103 2468 114 2485 ³
132 2422 402 2495 ξῐξηὲαιῖξξιὲἔὲἷὲξ
877 2466 888 2483 ⁸
907 2430 953 2492 ΒΞ
973 2465 1033 2492 ΡΜ.
1054 2464 1107 2492 ΡΡ.
1127 2464 1277 2492 sententiis
1294 2465 1388 2493 verbis

101 2512 112 2529 ⁴
132 2511 178 2539 Br.
196 2510 259 2538 PM.
284 2512 309 2538 te
327 2512 452 2539 caeteros
470 2518 582 2546 quoque
600 2518 659 2538 non
670 2509 831 2545 praem-&3
878 2510 889 2527 ⁹
907 2509 963 2536 ΡΡ.
981 2517 1065 2544 quem
1077 2508 1169 2543 plane
1188 2508 1295 2536 dudum
1316 2510 1482 2545 complexus
1500 2518 1564 2539 snm

127 2555 204 2584 Ram.
229 2556 273 2583 te.
288 2578 294 2583 .
309 2576 336 2583 ..
354 2563 414 2583 non
434 2554 561 2590 poterit;
580 2553 635 2582 ΡΡ.
660 2555 686 2582 te
709 2555 833 2583 caeteros
870 2555 891 2572 ¹⁰
910 2553 965 2582 ΡΡ.
986 2554 1130 2581 nzunitum

127 2599 244 2634 quando
263 2607 322 2627 non
334 2601 518 2634 praeteream
873 2599 893 2615 ¹¹
913 2598 969 2626 ΡΡ.
987 2597 1128 2632 priusque
1372 2621 1374 2623 ,

106 2644 116 2662 ⁵
135 2643 180 2671 ΒΓ.
198 2643 254 2672 ΡΡ.
274 2643 348 2680 quid
361 2667 367 2673 .
381 2665 388 2671 .
403 2665 408 2672 .
423 2665 429 2671 .
447 2643 541 2679 soles3
559 2642 621 2671 PM.
640 2642 712 2679 quid
871 2644 892 2661 ¹²
910 2642 963 2671 Nei
982 2642 1070 2671 codici
1087 2643 1113 2671 si
1131 2642 1204 2678 quid
1221 2650 1236 2671 ο
1255 2643 1281 2672 si
1300 2643 1417 2680 quidem
