1845 3076
771 188 908 213 nrisrom
1538 183 1596 214 189

775 428 912 460 CXXIII.

482 538 689 570 LUDOVICO
710 538 1036 570 BUZACHARENO¹
1058 539 1086 571 S.
1110 539 1142 571 P.
1165 539 1201 570 D.

611 640 798 663 Jusrmorom
820 640 849 662 ix
869 640 946 663 JUL11
970 633 1045 663 1412
1061 633 1071 649 ‘²

201 725 312 761 (Bmp.
332 726 350 753 9
370 726 405 753 t.:
425 740 456 744 —
478 725 561 752 Ram.
580 733 607 759 2).
627 724 679 759 63,
700 741 731 744 —
756 724 807 751 Gr.
827 734 848 753 c.
868 725 940 758 157;
962 741 993 744 —
1014 724 1084 754 PM.
1104 733 1126 754 e.
1145 726 1184 752 70
1204 727 1221 753 t.
1242 741 1273 745 —
1301 726 1361 754 PP.
1382 735 1408 754 n.
1429 727 1486 761 95.)

165 831 330 863 Terentius
351 840 439 862 meus
459 831 605 870 queritur
615 831 636 867 ³,
656 830 739 870 quod
750 831 760 846 ⁴
782 830 845 861 otio
859 830 944 870 apud
959 840 1008 862 me
1023 833 1167 862 assuetus
1181 833 1212 862 et
1226 841 1349 871 semper
1362 831 1445 863 inter
1458 832 1596 872 aequales

85 899 167 926 suOS,
188 889 348 921 imbellem
369 888 504 925 turbam,
526 891 681 925 versatus,
702 898 787 919 nunc
806 889 891 928 apud
912 891 943 919 te
965 892 1076 920 contra
1095 899 1212 920 morem
1239 891 1323 920 inter
1348 899 1437 920 arma
1464 890 1599 931 peregri-

87 947 157 978 nari
190 946 397 986 compellitur.
425 945 576 986 Quodque
603 945 775 985 quaerelam
802 946 877 977 facit
905 946 1083 987 justiorem,
1112 949 1305 977 senectutem
1334 947 1400 987 jam
1432 947 1600 978 admodum

85 1014 213 1045 gravem
233 1003 359 1044 allegat,
380 1006 417 1034 ut
438 1013 476 1034 ea
496 1005 591 1034 aetate
612 1003 653 1034 ad
675 1003 875 1034 militandum
902 1006 1031 1044 cogatur
1059 1004 1205 1043 primum,
1226 1014 1289 1044 qua
1316 1005 1422 1035 caeteri
1448 1004 1595 1036 desinant

90 1061 228 1093 militare
239 1062 258 1100 ⁵,
279 1071 405 1101 quaque
426 1061 567 1092 veterani
588 1060 708 1091 militiae
729 1063 924 1092 sacramento
942 1061 1009 1101 jam
1031 1063 1104 1092 ante
1125 1061 1219 1093 soluti
1239 1065 1322 1093 sunt.
1345 1061 1427 1092 Nam
1442 1062 1499 1093 etsi
1514 1062 1601 1094 dissi-

84 1119 207 1151 mulare
227 1121 361 1151 conetur
380 1121 506 1150 {etatem
528 1118 625 1159 (quod
646 1118 788 1158 plerique
809 1118 930 1149 faciunt
950 1128 1058 1149 senum
1080 1119 1194 1158 quibus
1212 1119 1359 1159 juvenilis
1380 1122 1430 1151 est
1448 1119 1598 1158 animus),

85 1175 177 1208 facile
198 1179 306 1208 tamen
327 1176 421 1207 facies
435 1186 548 1216 rugosa
570 1186 606 1207 ac
627 1175 747 1216 pallida
758 1176 777 1213 ⁶,
795 1178 960 1216 totumque
976 1186 1087 1216 corpus
1101 1179 1300 1208 veternosum
1315 1177 1490 1217 longaevum
1509 1177 1601 1208 illum

85 1244 123 1266 ac
142 1244 230 1274 paene
251 1234 448 1274 decrepitum
469 1234 642 1265 declarant.
665 1233 835 1273 Experitur
855 1237 970 1272 autem,
991 1234 1100 1265 obesse
1125 1244 1209 1265 nunc
1236 1234 1294 1265 sibi
1323 1237 1379 1265 aut
1406 1237 1492 1265 certe
1519 1234 1600 1265 nihil

88 1291 233 1332 prodesse
255 1290 436 1323 affectatam
449 1291 538 1322 illam
552 1290 738 1322 munditiem
752 1294 809 1322 aut
820 1291 830 1307 ⁷
843 1291 1053 1322 venustiorem
1066 1291 1221 1328 habitum,
1235 1292 1348 1331 quibus
1365 1294 1481 1332 praeter
1495 1292 1600 1324 aetatis

86 1349 324 1389 congruentiam
346 1349 488 1388 componi
509 1358 540 1379 se
560 1358 668 1388 passus
690 1350 744 1386 est,
767 1348 833 1379 sine
853 1349 967 1388 quibus
987 1349 1038 1380 vix
1059 1349 1205 1389 cuiquam
1217 1350 1228 1367 ⁸
1242 1350 1321 1381 aut⁹
1335 1360 1397 1381 non
1410 1350 1472 1382 nisi
1484 1350 1599 1390 paucis

88 1406 143 1447 qui
162 1406 253 1437 illum
274 1408 400 1442 norunt,
421 1406 462 1436 ad
483 1405 680 1445 colloquium,
696 1416 734 1436 ne
748 1406 849 1437 dicam
865 1406 898 1436 in
912 1406 1162 1443 contubernium,
1176 1407 1407 1438 admitteretur.
1424 1407 1489 1438 Etsi
1503 1407 1599 1446 igitur

86 1463 215 1504 obsequi
236 1473 424 1504 magnopere
444 1463 503 1494 tibi
524 1463 691 1500 desiderat,
708 1463 763 1503 qui
784 1473 823 1494 ex
844 1473 880 1494 eo
900 1473 1030 1494 numero
1051 1473 1083 1494 es
1104 1464 1159 1504 qui
1180 1464 1307 1495 minime
1327 1464 1418 1495 illum
1439 1467 1600 1504 spernant,

85 1520 210 1553 labores
231 1523 338 1552 tamen
358 1520 479 1552 militiae
500 1520 638 1561 bellique
659 1520 800 1560 pericula
820 1530 926 1552 senem
951 1521 1172 1561 insuetumque
1199 1521 1372 1553 deterrent.
1394 1522 1488 1553 Tecto
1517 1522 1601 1553 enim

86 1578 240 1610 contineri
261 1579 347 1609 intra
359 1578 380 1596 ¹⁰
401 1578 515 1609 moenia
535 1581 608 1609 tuta
627 1578 746 1617 solitus,
767 1579 871 1609 omnia
892 1588 975 1609 nunc
995 1578 1095 1617 timet,
1117 1579 1231 1619 quibus
1253 1589 1318 1610 esse
1338 1579 1452 1610 militia
1476 1580 1600 1611 obsessa

91 1636 179 1675 solet,
201 1636 274 1667 hinc
293 1636 361 1667 caeli
381 1636 608 1676 intemperiem,
628 1635 715 1666 illinc
735 1635 870 1667 hostium
891 1635 1021 1676 gladios,
1043 1636 1115 1667 hinc
1127 1637 1147 1653 ¹¹
1168 1636 1274 1667 furum
1294 1637 1431 1674 insidias,
1453 1637 1526 1668 inde
1548 1637 1600 1668 do-

89 1694 291 1725 mesticorum
310 1693 383 1731 vim,
403 1694 457 1733 qui
477 1696 652 1733 postremus
673 1693 761 1724 haud
780 1696 955 1733 postremus
977 1696 1023 1725 est
1049 1693 1098 1724 illi
1125 1696 1236 1725 metus.
1260 1694 1386 1726 Leviter
1407 1694 1490 1726 enim
1513 1705 1533 1726 a
1551 1704 1602 1726 me

87 1751 220 1783 tractari
240 1751 349 1782 solitus
370 1761 427 1791 pro
447 1751 623 1782 reverentia
643 1751 755 1788 aetatis,
769 1761 852 1782 nunc
865 1761 1035 1788 servorum,
1051 1761 1185 1791 quorum
1199 1752 1338 1783 omnium
1353 1752 1479 1783 abunde
1498 1762 1601 1784 mores

83 1811 181 1848 atque
201 1809 329 1849 ingenia
349 1809 444 1847 novit,
464 1808 623 1848 improbas
642 1819 754 1840 manus
776 1811 911 1845 veretur,
932 1819 981 1846 ne,
1003 1809 1051 1840 vel
1072 1809 1198 1840 discissa
1220 1819 1276 1849 per
1299 1809 1474 1842 ludibrium
1497 1813 1592 1847 veste,

85 1866 287 1906 obductaque
307 1866 409 1897 lituris
430 1865 519 1903 facie,
540 1867 605 1896 risu
626 1868 735 1906 pateat
756 1866 1018 1905 adolescentibus,
1046 1866 1095 1898 vel
1122 1867 1204 1898 inter
1231 1877 1391 1898 armorum
1417 1867 1598 1907 repentinos

82 1926 188 1956 motus
204 1923 292 1954 illinc
308 1924 341 1954 in
355 1933 445 1954 suam
461 1923 565 1954 sedem
579 1923 754 1964 prohibitus
767 1924 880 1961 redire,
896 1935 994 1964 quum
1009 1926 1124 1964 praeter
1136 1927 1167 1956 te
1178 1925 1233 1961 ,vix
1247 1925 1359 1964 cuique
1372 1925 1393 1942 ¹⁸²
1411 1925 1444 1956 in
1459 1924 1598 1956 alienam

87 1980 216 2012 domum
235 1981 416 2017 diverteret,
438 1981 556 2012 nemini
576 1981 617 2012 sit
637 1981 700 2012 sive
723 1981 807 2021 quod
832 1981 974 2012 insuetus
1002 1981 1078 2013 belli
1105 1982 1169 2012 sive
1196 1982 1313 2021 qu0d¹³
1340 1981 1470 2013 alienus.
1498 1981 1602 2021 Quum

85 2040 177 2069 tuum
198 2041 236 2069 tu
248 2039 268 2055 ¹⁴
290 2038 482 2077 Terentium,
503 2041 534 2069 et
561 2040 654 2069 :etate
683 2041 714 2069 et
741 2039 858 2070 viribus
886 2039 1033 2077 validum,
1060 2049 1099 2070 ne
1126 2039 1210 2070 inter
1237 2049 1326 2070 arma
1353 2039 1598 2079 periclitaretur,

84 2095 211 2127 domum
232 2096 388 2127 remiseris
400 2096 422 2113 ¹⁵
434 2106 560 2136 aequum
581 2098 636 2132 est,
650 2098 687 2126 ut.
702 2096 848 2128 celeriter
869 2099 900 2127 et
917 2107 988 2128 cum
1008 2099 1077 2128 tuto
1092 2100 1267 2129 commeatu
1280 2098 1301 2115 ¹⁶
1315 2108 1423 2130 meum
1438 2097 1479 2128 ad
1494 2108 1542 2129 me
1555 2108 1602 2129 re-

90 2153 205 2184 mittas.
227 2153 314 2184 Vale.

98 2293 107 2310 ¹
127 2292 188 2321 PM.
202 2292 418 2320 Bzwaclcarino.
430 2292 500 2320 Ram
513 2292 590 2321 claro
604 2293 665 2320 viro
678 2292 824 2322 chclovico
872 2296 883 2313 ⁹
904 2295 950 2323 Gr.
971 2302 1003 2322 ac

119 2336 307 2365 Bueacczrino
862 2340 882 2357 ¹0
902 2339 967 2367 Cosi
986 2338 1054 2367 Reff.
1074 2338 1129 2367 PP.
1149 2338 1195 2366 Gr.
1215 2341 1241 2367 et
1261 2339 1340 2366 intra

95 2381 107 2399 ²
125 2380 202 2409 Ram.
221 2381 317 2409 idibus
328 2381 403 2416 julii
424 2382 500 2408 1412
865 2385 884 2401 ¹¹
905 2384 951 2412 Gr.
972 2384 1017 2411 hic

93 2426 105 2443 ³
123 2425 180 2454 PP.
198 2425 350 2460 quoeritur.
371 2426 417 2455 Gr.
438 2428 538 2454 omette
558 2426 585 2454 la
606 2426 702 2462 parola
864 2429 885 2446 ¹²
905 2428 973 2457 Refl'.
994 2428 1039 2456 Gr.
1059 2429 1093 2456 ut
1110 2428 1135 2456 is
1154 2428 1183 2456 in

93 2469 105 2487 ⁴
123 2469 180 2498 PP.
200 2470 272 2505 quia
861 2474 882 2491 ¹³
903 2473 949 2501 Gr.
972 2473 1050 2508 quod

93 2515 106 2532 ⁵
124 2513 171 2542 Gr.
190 2514 314 2542 militari
863 2518 883 2535 ¹⁴
904 2517 949 2545 Gr.
969 2525 1049 2545 senza
1069 2519 1100 2544 tu

92 2559 104 2576 ⁶
124 2557 170 2586 Gr.
183 2558 304 2593 placida
863 2562 884 2579 ¹⁵
904 2561 950 2589 Gr.
970 2562 1115 2590 remiserit

95 2603 106 2620 ⁷
125 2602 171 2631 Gr.
190 2611 224 2632 ιισ
861 2606 884 2623 ¹⁶
903 2605 950 2634 Gr,
971 2607 1030 2634 tuto
1049 2608 1206 2635 commeatu

97 2647 110 2665 ⁸
128 2647 184 2676 PP.
203 2647 306 2684 cuique
