1845 3076
765 172 903 195 EP18TOLE
1538 168 1591 198 141

76 255 132 292 ita,
153 265 224 287 cum
245 265 420 295 numquam
442 253 539 292 vacet,
566 265 689 295 semper
709 255 740 286 in
761 256 824 286 otio
845 259 901 287 est.
922 256 981 287 Sed
1003 259 1035 288 et
1057 267 1111 288 nos
1131 267 1266 298 quoque,
1288 257 1363 289 licet
1391 259 1591 298 imparibns¹

75 312 196 350 studiis,
217 315 323 343 tamen
337 312 477 343 nonnihil
493 313 624 352 agimus,
645 323 715 343 cum
730 312 873 344 sedemus
886 314 916 343 in
931 313 1046 351 schola,
1063 325 1134 346 cum
1149 315 1181 345 in
1197 315 1412 354 penetralibus
1434 319 1590 347 tectorum

74 369 260 407 claudimur,
282 380 353 401 cum
373 369 528 406 docemus,
550 380 619 400 cum
643 368 796 406 discimus,
819 370 986 407 dignumve
1009 371 1140 411 aliquid,
1162 372 1200 403 de
1227 373 1361 410 ratione,
1390 376 1515 412 natura,
1536 376 1593 405 aut

74 426 222 463 moribus,
244 429 329 458 motu
350 427 462 457 mentis
482 427 646 465 agitamus
668 426 728 458 Sed
749 437 766 457 o
787 431 953 467 quantum,
983 428 1067 459 Deus
1092 429 1177 466 bone,
1208 432 1350 460 nostrum
1372 430 1430 461 hoc
1455 430 1517 461 sive
1540 440 1591 462 ne-

74 484 193 524 gotium
207 484 270 514 sive
284 483 383 514 otium
404 483 542 514 dicamus
555 484 574 520 ²,
597 484 679 523 quod
702 484 817 515 nemini
839 485 980 524 quamvis
996 486 1126 525 pessimo
1147 486 1291 517 interdici
1308 490 1416 526 potest,
1431 488 1472 519 ab
1488 491 1590 519 vestro

72 541 180 580 distat,
200 541 282 581 quod
305 551 365 571 non
388 541 444 571 nisi
466 541 595 581 magum,
612 544 643 572 et
657 541 749 572 claris
771 541 845 571 viris
867 542 1079 581 permittitur!
1105 542 1168 574 Nos
1189 543 1282 581 enim,
1303 555 1373 575 cum
1389 548 1445 576 aut
1466 545 1589 585 ingenio

73 601 178 629 nostro
189 598 381 638 quidquam³
391 598 562 632 intulimus,
574 601 629 629 aut
641 598 740 629 multa
753 608 859 629 sumus
871 609 908 629 ex
919 598 1090 638 disciplinis
1102 600 1252 631 memoria
1263 601 1589 641 coniplexi,suinn1um

73 654 218 692 fecimus;
239 673 277 677 ——
300 665 360 691 vos,
383 655 472 695 quasi
495 655 534 686 ad
557 665 752 686 communem
778 655 939 686 hominum
968 655 1104 687 salutem
1125 657 1218 688 terris
1241 657 1316 695 dati,
1345 658 1402 689 hoe
1431 659 1531 698 agitis,
1554 661 1589 690 ut

72 722 147 752 pace
165 712 352 752 justitiaque
367 712 510 743 foveatur
521 712 530 729 ⁴
552 713 726 743 humanum
747 722 853 752 genus
876 712 931 743 Est
946 715 1052 744 tamen
1065 713 1097 743 111
1114 716 1248 754 utraque
1264 724 1308 751 re,
1325 715 1589 754 quemadmodum

71 769 225 808 voluptas,
247 769 294 800 ita
315 773 346 800 et
367 769 457 800 labor
478 771 510 800 et
530 769 681 806 studium,
704 772 739 800 ut
760 770 877 801 nemini
898 770 1009 809 ignavo
1031 770 1171 810 aspirare
1191 770 1268 802 illuc
1281 771 1384 802 liceat.
1405 772 1464 802 Sed
1486 773 1588 812 impar

71 825 225 858 effectus⁵
255 827 347 858 venit.
377 828 455 858 Cum
482 827 563 857 enim
592 826 722 857 diversis
747 826 858 857 studiis
880 837 931 857 vos
952 826 1079 866 publica
1108 837 1248 864 munera,
1268 838 1387 868 nosque
1417 829 1586 868 propriam,

71 884 290 924 privatamque
304 894 369 914 rem
385 883 521 923 amplexi
535 884 640 920 simus,
652 893 744 923 agere
760 894 810 914 vos
826 883 995 923 plurimum
1015 884 1315 916 saluberm'marumss
1335 896 1440 916 rerum
1454 890 1586 923 constat,

70 951 125 972 nos
146 941 295 977 nonnihil,
309 952 346 972 ac
360 945 497 978 neutros,
519 942 613 972 inerti
633 942 696 972 otio
711 941 849 973 defluere
860 943 879 973 ⁷.
904 942 1024 982 Itaque,
1046 944 1081 973 ut
1102 943 1143 973 ad
1164 942 1351 982 principium
1372 943 1498 974 redeam
1519 953 1586 974 ora-

71 999 175 1036 tionis,
190 999 221 1029 in
238 998 268 1028 id
284 1002 427 1038 spectare
448 998 692 1030 admonitionem
713 999 819 1030 fratris
839 1010 920 1037 reor,
942 1003 987 1038 ut,
1009 1010 1080 1031 cum
1100 1000 1302 1040 intelligeret,
1325 1004 1444 1040 quanto
1466 1010 1522 1040 ego
1536 1001 1588 1031 te‘3

71 1056 169 1094 cultu,
191 1060 371 1096 quantoque
392 1060 427 1087 tu
449 1067 497 1087 me
518 1067 623 1087 amore
644 1057 824 1096 complexus
837 1057 887 1094 sis,
909 1057 967 1088 etsi
988 1067 1090 1097 neque
1112 1067 1161 1088 me
1181 1058 1285 1088 nunc⁰
1306 1058 1504 1097 eloquentiae
1527 1061 1583 1089 aut

69 1113 224 1144 scribendi
244 1114 355 1144 studiis
376 1115 484 1144 datum
507 1115 609 1150 sciret,
631 1124 734 1153 neque
754 1118 785 1145 te
810 1114 898 1145 facile
919 1117 1082 1154 praestare
1103 1125 1196 1145 aures
1217 1114 1316 1146 literis
1337 1125 1434 1155 posse,
1463 1115 1585 1146 nullam

69 1173 176 1202 tamen
198 1181 322 1202 causam
345 1171 470 1212 dignam
494 1172 714 1208 arbitraretur,
737 1182 816 1211 quae
837 1175 893 1202 aut
915 1182 963 1203 me
978 1175 1087 1203 tenere
1108 1171 1248 1208 deberet,
1270 1182 1309 1202 110
1330 1172 1508 1209 scriberem,
1530 1175 1587 1203 aut

69 1231 101 1259 tc
115 1229 136 1245 ¹⁰
150 1239 189 1259 ne
205 1229 314 1259 literas
329 1239 413 1259 meas
428 1233 553 1269 optares
568 1232 599 1259 et
614 1229 741 1268 legeres.
764 1228 974 1266 Quamobrem
996 1230 1139 1269 protinus
1154 1228 1250 1266 effeci,
1266 1233 1301 1259 ut
1318 1229 1487 1269 pleniorem
1506 1229 1587 1260 hanc

67 1286 243 1325 epistolam,
263 1296 345 1326 quae
368 1287 573 1326 praeteritum
595 1289 744 1326 purgaret
766 1297 912 1324 errorem,
935 1286 975 1317 ad
996 1290 1029 1317 te
1048 1287 1258 1317 dimitterem:
1286 1287 1368 1326 quod
1392 1287 1527 1326 quidem,
1551 1290 1583 1317 et

68 1343 219 1383 quamdiu
234 1344 346 1381 aberis,
361 1344 469 1374 sedulo
485 1344 605 1374 faciam.
620 1343 706 1374 Nihil
721 1345 801 1375 enim
818 1344 969 1375 hactenus
984 1354 1022 1375 ne
1037 1344 1204 1375 scriberem
1220 1354 1333 1374 causae
1350 1336 1418 1380 fuit}
1435 1344 1492 1374 nisi
1507 1344 1583 1384 quia.

69 1401 251 1441 propediem
279 1404 429 1432 venturus
449 1401 602 1431 dicebaris
618 1402 646 1432 ¹¹.
675 1400 734 1432 Sed
756 1401 835 1432 illud
864 1401 1090 1438 animadverto,
1111 1401 1194 1441 quod
1216 1401 1261 1431 ita
1282 1405 1385 1431 tecum
1413 1402 1459 1432 his
1483 1401 1582 1432 literis

68 1469 138 1499 ago,
167 1459 257 1498 quasi
279 1469 341 1489 non
362 1455 453 1495 idem,
482 1459 534 1498 qui
557 1461 603 1489 tot
630 1469 679 1489 res
701 1462 731 1489 et
752 1462 857 1489 tantas
886 1459 1055 1498 prudentia
1076 1462 1106 1489 et
1128 1459 1250 1489 ratione
1280 1459 1459 1495 moderaris,
1488 1459 1584 1498 philo-

67 1516 194 1556 sophiae
208 1516 438 1557 cognitionique
454 1527 559 1547 rerum
573 1516 737 1556 indulgeas
749 1516 779 1546 ¹².
794 1516 860 1547 Hoc
872 1517 898 1546 si
913 1516 981 1556 quis
995 1517 1163 1553 existimat,
1175 1516 1269 1556 plane
1286 1516 1352 1546 fulli
1365 1526 1435 1547 eum
1448 1520 1578 1547 constat.

66 1573 145 1604 Mihi
165 1574 247 1604 enim
268 1584 391 1613 semper
411 1584 461 1605 res
483 1574 562 1604 mira
583 1574 647 1604 visa
668 1576 724 1611 est,
747 1584 828 1613 quae
850 1584 913 1604 11011
933 1574 999 1604 sine
1019 1573 1126 1604 divina
1154 1573 1292 1613 quadam
1314 1574 1343 1603 vi
1364 1573 1441 1603 effici
1469 1573 1582 1613 potuit,

66 1634 102 1662 ut
123 1631 155 1660 in
176 1631 336 1670 perpetuis
365 1641 525 1661 armorum
546 1630 714 1667 laboribus,
745 1631 777 1661 in
797 1631 925 1661 summis
953 1631 1095 1661 civilibus
1122 1631 1254 1670 neg-:tiis
1275 1630 1358 1661 domi
1388 1630 1583 1669 militiaeque

66 1692 215 1724 versatus,
237 1691 361 1719 tantam
381 1688 589 1727 eloquentiae,
611 1688 888 1728 doctrinarumque
908 1688 1047 1719 omnium
1069 1687 1195 1718 laudem
1218 1692 1404 1727 assequutus
1426 1688 1474 1718 sis.
1499 1688 1581 1725 Quid

66 1745 148 1776 enim
171 1745 379 1785 praestit-urus
399 1756 478 1783 eras,
500 1747 525 1775 si
545 1749 670 1776 tantum
695 1755 808 1776 munus
829 1745 946 1785 ingenii
967 1745 1169 1785 quotidianae
1191 1745 1354 1782 auditioni,
1382 1746 1529 1785 vigilique
1551 1745 1584 1776 li-

64 1805 204 1834 terarum
225 1803 373 1833 exercitio
394 1803 634 1840 accomodasses,
656 1814 753 1843 quum
769 1804 800 1840 ¹³,
823 1803 907 1843 quod
928 1805 1061 1840 constat,
1077 1813 1114 1833 ex
1128 1802 1203 1839 sola,
1224 1806 1259 1833 ut
1281 1803 1326 1833 ita
1346 1802 1489 1839 dixerim,
1511 1813 1579 1833 con-

69 1860 259 1891 tractatione
281 1860 441 1896 librorum,
463 1871 598 1900 raraque
620 1860 787 1891 admodum
802 1860 964 1891 doctorum
985 1860 1145 1890 hominum
1159 1859 1333 1890 collatione.
1357 1863 1481 1890 tantum
1497 1859 1583 1890 disci-

74 1918 232 1958 plinarum
261 1918 393 1958 adeptus
414 1918 468 1948 es?
495 1918 573 1948 Mihi
601 1918 693 1950 enim.
718 1919 743 1948 si
766 1917 842 1958 quid
867 1917 1011 1955 inhaesit,
1031 1936 1070 1939 —
1090 1918 1175 1957 quod
1203 1928 1296 1957 quam
1326 1918 1473 1957 exiguum
1493 1917 1532 1948 sit
1553 1920 1585 1948 et

68 1976 167 2016 pudet
187 1976 290 2006 dicere
305 1979 336 2006 et
350 1976 434 2015 piget
456 1976 621 2012 reminisci,
635 1994 673 1998 -
688 1986 750 2006 11011
772 1975 830 2005 nisi
850 1975 937 2006 duris
958 1975 1118 2006 laboribus
1133 1978 1164 2005 et
1181 1975 1271 2014 longo
1292 1978 1432 2014 tempore
1456 1978 1583 2014 partum

70 2037 124 2064 est.
147 2033 297 2073 Magnum
319 2037 366 2064 est
387 2034 493 2073 itaque
524 2033 728 2073 contemplari
757 2043 844 2072 posse
858 2043 967 2063 causas
981 2043 1086 2063 rerum
1108 2036 1140 2064 et
1162 2032 1335 2063 secundum
1350 2032 1581 2072 philosophiam

69 2101 267 2131 cognoscere:
283 2091 382 2131 majus
401 2092 572 2122 secundum
588 2091 815 2130 philosophiam
829 2091 947 2127 vivere;
962 2091 1133 2121 maximum
1145 2100 1217 2121 vero
1230 2100 1265 2121 ac
1278 2090 1583 2130 praestantissimum

66 2150 113 2179 est
133 2151 302 2188 utrumque
324 2148 406 2179 vitae
427 2148 563 2185 modum,
584 2148 667 2188 quod
688 2151 724 2178 tu
742 2149 808 2188 jam
830 2151 1018 2188 assequutus
1039 2158 1080 2179 es,
1101 2151 1210 2179 tenere
1230 2147 1368 2187 potuisse
1386 2147 1405 2163 ¹⁴
1423 2171 1578 2178 ......

77 2260 86 2276 ¹
108 2259 161 2288 ΡΡ.
181 2258 352 2294 inparibus
856 2261 867 2277 ⁸
886 2259 941 2288 ΡΡ.
961 2261 986 2285 el

75 2304 87 2322 ²
105 2303 147 2331 Da
167 2303 244 2338 quod
261 2313 277 2331 a
295 2304 373 2338 quod
390 2306 404 2330 (Ἀ
424 2311 529 2331 omesso
548 2304 592 2331 nei
611 2303 708 2339 codici,
727 2312 806 2332 meno
853 2306 865 2320 ⁴³
884 2304 939 2332 Pr.
959 2312 1016 2330 mm

100 2347 172 2375 nella
191 2348 272 2382 copia
290 2349 412 2382 ripetuta
431 2348 475 2376 del
495 2348 539 2377 ΒΓ.
560 2357 576 2376 a
595 2356 620 2383 p.
640 2348 675 2376 79
843 2349 865 2366 ¹⁰
888 2348 927 2376 Te
945 2348 1019 2376 nella
1043 2348 1164 2383 ripetnta
1187 2347 1230 2374 dul
1250 2347 1295 2376 Br.
1315 2356 1328 2375 e
1348 2346 1378 2374 in
1397 2347 1469 2375 altro
1494 2346 1584 2375 codice

77 2393 88 2411 ³
106 2392 160 2420 ΡΡ.
181 2400 293 2427 quoque
880 2394 960 2420 nsato
981 2393 1026 2420 dal
1046 2392 1106 2420 PM.
1126 2392 1210 2428 Negli
1229 2391 1295 2420 altri
1314 2391 1400 2420 codici
1419 2393 1434 2418 ὸ
1453 2399 1559 2420 omesso

74 2437 86 2455 ⁴
106 2437 160 2465 ΡΡ.
180 2437 334 2470 foveantur
569 2445 571 2447 ·
843 2439 863 2455 ¹¹
885 2437 938 2465 Nei
956 2436 1044 2466 codici
1063 2437 1219 2469 dicereris‚·
1244 2436 1318 2464 nella
1334 2436 1457 2470 ripetuta
1475 2435 1519 2463 del
1540 2436 1584 2463 ΒΓ.

76 2482 88 2500 ⁵
106 2481 165 2509 PM.
185 2481 307 2515 affectus
878 2482 982 2510 diceris

78 2527 90 2545 ⁶
109 2526 164 2555 ΡΡ.
178 2535 192 2554 e
208 2526 266 2554 PM.
281 2527 523 2563 saluberrimum3
543 2528 589 2557 ΒΥ.
602 2528 677 2556 nella
689 2528 811 2563 ripetuta
847 2528 868 2545 ¹2
888 2527 943 2555 ΡΡ.
962 2535 975 2554 e
996 2527 1041 2554 ΒΓ.
1061 2525 1149 2561 prima
1167 2525 1320 2560 {mlzdgyeas

98 2570 270 2606 salubrium,
290 2580 304 2598 e
322 2572 397 2600 nella
415 2572 505 2606 prima
522 2573 782 2600 saluberrimarum
846 2573 867 2590 ¹³
886 2571 938 2599 Nei
957 2570 1043 2599 codici
1063 2578 1078 2597 o
1092 2570 1230 2605 quoniam
1249 2577 1264 2597 ο
1283 2577 1372 2603 quam
1390 2577 1406 2597 o
1426 2578 1463 2604 qn

78 2616 90 2634 '¹
109 2615 155 2644 ΒΥ.
173 2615 247 2644 nella
266 2615 315 2651 rip·
326 2617 387 2644 tuta
405 2616 536 2650 difluere.
556 2617 619 2645 cosi
638 2625 693 2645 uno
707 2616 751 2645 dei
770 2624 813 2646 co-
851 2617 872 2634 ¹⁴
891 2616 1026 2643 Mancano
1045 2615 1090 2650 qui
1105 2615 1202 2643 alcnne
1221 2614 1314 2649 parole
1328 2613 1372 2641 n‹·i
1385 2614 1482 2642 codici.
1501 2613 1547 2642 ΒΓ.
1561 2613 1589 2641 vi

100 2659 153 2688 dici
172 2659 247 2688 usati
266 2660 310 2688 del
330 2661 389 2688 PM.
879 2661 962 2688 mette
980 2659 1099 2695 puntini.
1119 2659 1165 2687 Br.
1184 2658 1217 2686 77
1237 2667 1273 2687 va
1291 2667 1308 2686 a
1326 2666 1400 2693 capo.
