1845 3076
223 161 263 192 84
855 168 881 190 P.
902 168 929 190 P.
948 167 1096 191 vnnenmo

921 319 1034 353 LXHI.

614 410 960 443 SIGISMUNDO
994 401 1340 444 IMPERATORI

940 487 968 519 S.
990 487 1020 518 d.

391 562 477 598 (PM.
496 571 518 591 c.
536 563 576 590 84
589 563 607 590 t.
618 571 627 596 ,·
648 579 680 582 —
700 562 764 591 PP.
784 571 843 591 non
862 571 962 597 πωπω
982 579 1014 582 —
1034 562 1075 590 ed.
1096 562 1183 598 Zeno,
1207 562 1352 597 Vossiane,
1370 564 1389 591 t.
1407 563 1435 597 1,
1449 571 1482 598 p.
1502 563 1560 599 55.)

301 634 311 651 ¹
329 646 345 662 «
361 633 380 665 J
384 633 487 664 ussisti
507 642 569 670 me,
582 633 778 673 Se'yismzmde
792 632 1031 664 clementissime
1046 632 1232 673 Imperator,
1247 635 1284 664 ut
1300 633 1419 664 Ariani
1431 633 1604 671 historiam,
1618 633 1735 674 quires

221 693 325 733 gestas
343 690 517 722 Alexandri
548 690 728 722 Macedonis
759 689 858 721 Greco
879 700 1021 721 sermone
1043 690 1233 730 conscripsit,
1266 690 1300 720 in
1320 690 1457 722 latinum
1477 692 1641 730 verterem,
1672 701 1735 722 non

222 748 306 790 quod
326 751 468 780 veterum
490 747 662 779 Grecorum
683 747 851 788 magnifica
871 747 945 778 olim
965 757 1069 787 opera,
1091 750 1123 778 et
1144 747 1229 787 apud
1249 757 1329 785 suos,
1349 749 1416 778 tam
1437 750 1547 786 metro,
1574 758 1670 788 quam
1691 758 1736 779 so-

220 807 290 838 luta
309 807 450 838 oratione
464 806 530 836 sine
544 805 607 837 fine
629 805 789 836 celebrata
809 805 916 836 latinis
930 805 993 836 sint
1008 805 1177 845 incognita,
1198 805 1254 836 illa
1269 805 1434 845 presertim
1454 805 1634 843 illustriora,
1649 806 1735 836 intra

222 875 283 905 que
304 863 476 894 Alexandri
498 863 592 900 bella,
620 865 651 894 et
672 863 801 893 victorie
821 862 913 902 longe
934 863 1076 903 majores
1105 873 1201 902 quam
1221 863 1314 900 bella,
1343 863 1375 892 111
1396 863 1505 902 primis
1533 873 1736 894 connumera-

220 925 350 959 rentur;
372 921 425 952 sed
447 921 530 961 quod
552 921 696 952 Arianzos
715 921 747 950 in
769 921 812 951 eis
833 920 1044 951 describendis
1066 920 1212 951 certiores
1234 921 1274 951 sit
1294 922 1419 951 secutus
1441 923 1604 958 auctores3
1634 922 1732 960 atque

221 979 300 1011 adeo
320 979 453 1010 certiore
473 978 535 1009 fide
557 978 673 1017 dignus
702 978 865 1009 videatur:
898 977 975 1008 Nam
999 988 1037 1008 ex
1058 978 1169 1008 ceteris
1190 977 1317 1017 quidem
1338 977 1466 1009 historie
1493 977 1587 1018 hujus
1607 977 1735 1017 scripto-

223 1037 318 1074 ribus,
347 1036 402 1076 qui
423 1035 515 1066 multi
537 1035 675 1073 fuerunt,
702 1035 900 1074 multumque
928 1035 986 1066 sibi
1006 1035 1138 1066 invicem
1159 1035 1385 1072 dissentientes,
1413 1035 1554 1074 aliquam
1573 1034 1735 1075 vulgarem

220 1094 337 1126 famam
353 1093 460 1130 secuti,
475 1103 537 1123 11011
553 1102 614 1132 que
632 1092 726 1132 gessit
739 1092 929 1129 Alexander,
945 1092 999 1123 sed
1015 1103 1076 1132 que
1088 1093 1126 1123 de
1142 1103 1177 1124 eo
1192 1093 1307 1132 passim
1322 1092 1516 1129 ferebantur,
1529 1102 1567 1123 ea
1581 1094 1735 1132 tanquam

219 1162 292 1183 vere
308 1153 396 1191 gesta
408 1151 677 1189 conscripserunt:
700 1149 763 1179 Alii
786 1149 892 1181 favore
913 1151 1023 1190 gentis,
1040 1152 1072 1181 et
1085 1149 1252 1180 domestice
1268 1149 1365 1190 glorie
1386 1149 1489 1180 studio
1504 1150 1537 1180 in
1551 1149 1736 1180 enarrandis

218 1209 285 1240 eius
307 1208 453 1248 operibus
473 1207 577 1238 laudis
598 1207 726 1237 modum
749 1209 967 1238 excesserunt:
990 1206 1142 1238 Nonnulli
1163 1209 1273 1237 contra
1293 1207 1372 1245 odio,
1392 1207 1442 1238 vel
1462 1206 1590 1244 invidia,
1610 1206 1675 1238 sive
1697 1209 1734 1237 ut

219 1267 290 1298 aliis
311 1276 428 1296 morem
449 1266 607 1305 gererent,
636 1265 692 1304 qui
712 1265 794 1294 tanti
817 1264 951 1294 nominis
979 1264 1145 1304 splendore
1173 1263 1424 1302 offendebantur,
1451 1264 1620 1302 detrahere
1640 1264 1735 1295 rebus

216 1323 311 1364 gestis
331 1323 435 1354 conati
449 1324 539 1353 suut:
564 1320 698 1359 Quidam
713 1322 841 1361 insuper
862 1322 1009 1361 privatim
1030 1322 1201 1353 ambitione
1217 1321 1369 1361 querendi
1390 1321 1533 1359 nominis,
1555 1324 1587 1353 et
1606 1321 1733 1361 proprie

219 1381 322 1412 laudis
344 1379 527 1420 cupiditate,
555 1389 618 1410 non
639 1378 716 1418 quid
745 1381 867 1419 gestum
889 1379 928 1410 ab
952 1389 987 1410 eo
1009 1379 1113 1417 fuerit,
1142 1379 1196 1410 sed
1218 1379 1293 1419 quid
1314 1379 1425 1410 decore
1446 1379 1484 1410 (le
1505 1379 1560 1410 illo
1583 1378 1734 1418 scriptum

219 1438 368 1469 memorie
382 1440 577 1478 posterorum
589 1436 734 1467 mandari
748 1439 883 1476 possent,
895 1436 995 1467 solum
1011 1436 1278 1474 existimaverunt,
1290 1446 1347 1467 nec
1361 1438 1428 1467 tam
1440 1436 1607 1467 veritatem
1617 1446 1736 1474 rerum,

218 1506 314 1536 quam
334 1495 556 1535 figmentorum
577 1494 766 1525 lenocinium
787 1494 925 1534 amplexi
945 1497 1036 1524 sunt:
1059 1495 1164 1534 Atque
1186 1494 1243 1525 hec
1258 1496 1350 1525 tanta
1370 1493 1575 1525 scribentium
1597 1493 1733 1524 varietas

219 1553 461 1593 perplexitatem
475 1552 653 1591 legentibus
668 1550 780 1582 afferre
792 1562 853 1582 non
868 1551 1021 1582 modicam
1033 1551 1203 1589 consuevit,
1215 1562 1285 1582 cum
1301 1554 1404 1582 essent
1417 1551 1529 1582 incerti
1543 1541 1733 1591 quibusnam

221 1610 315 1641 fidem
335 1609 480 1641 adhiberi
500 1619 556 1649 pre
578 1609 711 1640 caeteris
731 1609 920 1646 conveniret,
942 1611 974 1640 et
996 1609 1180 1646 fabulas-ne,
1209 1619 1250 1639 an
1272 1609 1433 1640 historiam
1455 1619 1561 1639 veram
1581 1608 1731 1648 legerent,

221 1668 268 1698 Tu
287 1668 384 1707 igitur
404 1667 476 1697 hinc
496 1666 652 1697 adductus
675 1676 721 1703 ea,
744 1677 804 1706 que
824 1667 968 1697 Arsanus
988 1666 1027 1697 de
1048 1666 1140 1706 gestis
1161 1666 1335 1697 Alexandri
1355 1666 1487 1706 scripsit,
1508 1668 1662 1706 tanquam
1683 1675 1731 1697 ve-

220 1725 303 1756 riora
325 1726 411 1765 cupis
433 1735 610 1765 agnoscere,
632 1723 810 1754 laudandus
830 1723 979 1763 profecto,
1001 1723 1064 1754 sive
1085 1724 1161 1764 quia
1182 1724 1308 1755 veritati
1330 1724 1445 1761 studes,
1474 1734 1534 1763 que
1555 1723 1649 1755 rebus
1670 1733 1731 1754 om-

220 1783 312 1814 nibus
338 1782 526 1823 preferenda
553 1784 609 1818 est,
629 1781 692 1812 sive
714 1781 788 1820 quia
809 1781 937 1812 historie
966 1781 1079 1812 notitia
1104 1783 1270 1821 tantopere
1298 1780 1473 1818 delectaris,
1498 1783 1534 1812 ut
1554 1780 1729 1812 domesticis

221 1851 283 1872 non
305 1843 477 1877 contentus,
498 1839 593 1870 etiam
608 1841 739 1870 externa
759 1839 913 1879 requiras.
934 1839 988 1869 Est
1009 1841 1115 1869 autem
1137 1839 1169 1869 111
1185 1839 1315 1869 historia
1336 1838 1430 1870 simul
1445 1849 1515 1869 cum
1535 1837 1733 1869 iucunditate

221 1899 341 1929 fructus
363 1897 527 1938 plurimus,
548 1896 694 1936 valetque
715 1907 903 1936 magnopere
923 1906 1029 1926 rerum
1051 1898 1208 1936 gestarum
1231 1896 1377 1936 frequens
1398 1896 1583 1933 recordatio,
1604 1898 1672 1926 tum
1687 1895 1728 1926 ad

219 1955 367 1996 peritiam
388 1954 598 1995 gerendarum
620 1954 888 1994 a11gend2un‚tum
910 1953 950 1984 ad
965 1954 1142 1984 sutietatem
1166 1953 1367 1984 minuendam
1389 1953 1504 1993 iugiter
1520 1954 1531 1970 ἵ
1551 1964 1623 1984 cum
1643 1953 1734 1984 comi-

218 2013 355 2044 tantium
376 2013 544 2049 tediorum‚
573 2011 663 2042 (lecet
684 2014 791 2042 autem
811 2021 917 2042 omnes
938 2011 1087 2048 homines,
1108 2011 1162 2041 sed
1185 2021 1234 2042 eos
1256 2011 1413 2050 precipue,
1443 2011 1497 2051 (1111
1518 2010 1616 2051 magis
1637 2010 1734 2041 admi-

220 2070 457 2101 nistintionibus
477 2071 617 2109 presunt,
639 2069 680 2099 ad
700 2072 862 2108 utrunque
882 2069 998 2105 conari,
1018 2069 1220 2108 laborarique
1240 2079 1360 2099 summo
1381 2068 1492 2105 studio,
1522 2070 1557 2098 ut
1577 2067 1677 2098 sciant
1698 2077 1731 2098 se

217 2127 345 2168 quidem
366 2127 397 2157 111
418 2127 534 2166 primis,
557 2127 581 2157 si
604 2127 683 2157 forte
706 2129 752 2157 est
772 2127 805 2156 111
826 2126 902 2157 alios
926 2126 1102 2165 imperium,
1125 2126 1219 2156 etiam
1241 2126 1381 2156 subditos
1406 2125 1530 2165 optimis
1552 2124 1728 2156 rationibus

218 2196 336 2225 regere,
351 2195 387 2215 ac
402 2195 458 2224 per
478 2184 624 2215 honestas
645 2183 868 2215 delectationes
882 2185 977 2214 vitani
999 2193 1092 2223 agere
1107 2186 1261 2223 quantuni
1282 2183 1350 2213 fieri
1371 2185 1473 2222 potest
1488 2183 1553 2213 sine
1570 2181 1729 2213 molestia:

219 2242 289 2273 Tibi
317 2252 390 2273 vero
411 2244 486 2273 ante
514 2252 628 2280 omneS,
657 2241 764 2281 quiin
786 2251 930 2280 supremo
959 2251 1066 2271 rerum
1094 2241 1229 2271 culmine
1258 2241 1445 2271 constitutus
1467 2250 1507 2277 eS‚
1535 2240 1589 2279 (1111
1617 2249 1731 2279 magna

218 2310 340 2339 semper
364 2299 468 2330 animo
483 2299 588 2336 volvis,
603 2309 714 2330 curare
731 2298 875 2329 convenit
895 2297 1067 2328 Alexandri
1084 2298 1192 2337 Magni
1206 2307 1311 2337 opera,
1328 2307 1388 2337 que
1402 2297 1487 2328 haud
1502 2296 1595 2328 dubie
1616 2306 1732 2336 magna

218 2357 357 2394 suerunt,
378 2356 494 2387 certius
515 2366 691 2395 agnoscere,
713 2358 746 2386 et
766 2366 827 2395 que
850 2365 887 2385 ex
909 2356 952 2386 eis
972 2355 1067 2395 digna
1088 2357 1163 2385 sunt
1184 2355 1286 2392 laude,
1314 2365 1351 2385 ea
1372 2365 1433 2385 non
1454 2357 1521 2385 tam
1542 2353 1729 2394 palpitando

218 2414 331 2445 sectari
347 2414 435 2451 velle,
457 2424 551 2454 quain
568 2413 780 2453 precurrendo
801 2423 950 2452 superare
964 2422 970 2449 ;
991 2412 1046 2443 sed
1062 2415 1093 2443 et
1109 2412 1184 2442 milii
1199 2422 1322 2452 quoque
1337 2422 1399 2442 11011
1414 2414 1460 2442 est
1474 2412 1574 2442 visum
1591 2411 1729 2442 alienum

219 2475 326 2512 preter
347 2482 454 2502 causas
468 2471 556 2508 alias,
577 2481 638 2511 que
654 2481 702 2501 me
724 2470 845 2506 adhoc,
867 2470 915 2500 vel
936 2469 1140 2509 impulerunt,
1160 2470 1209 2500 vel
1230 2472 1408 2510 coegerunt.
1430 2468 1521 2506 Nam,
1542 2468 1585 2499 Te
1600 2467 1730 2508 quidem

217 2567 224 2583 ³
246 2565 286 2592 Lu.
313 2566 440 2600 presente
465 2564 583 2599 epistola
603 2566 617 2591 ὀ
637 2563 789 2598 riprodotta
807 2562 879 2590 (111110
908 2562 957 2590 Vo-
1029 2562 1116 2598 grafia
1136 2572 1148 2589 e
1167 2563 1192 2590 le
1211 2562 1426 2597 iuterpuuzioui.

252 2611 333 2638 simio
353 2620 365 2636 :1
387 2611 459 2638 tutto
480 2611 618 2645 scrin-olo,
638 2609 759 2636 rita—nuta
778 2607 806 2635 111
827 2608 893 2642 egui
907 2616 957 2635 sua
993 2609 1004 2625 ‘-'
1023 2607 1108 2635 Forse
1126 2607 1379 2635 (Ὁησοηῑὶίαηίίιιυι

252 2657 329 2690 parte
349 2655 377 2682 la
396 2654 502 2682 dizione
522 2663 577 2681 nou
597 2653 664 2689 solo,
683 2662 727 2680 ma
740 2653 827 2681 anche
843 2652 869 2680 la
883 2654 954 2680 orto-
