1845 3076
742 180 878 204 EPISTOLE
1525 174 1563 204 41

63 266 231 307 volensque
247 268 398 306 sequutus
420 274 487 297 sum
504 264 586 305 quod
600 265 685 305 apud
706 264 883 296 Ciceronem
905 265 1112 296 communiter
1129 265 1135 282 ¹
1163 265 1306 304 habetur,
1329 265 1568 297 Themistoclem

62 324 277 355 atheniensem
297 322 438 363 Seriphio
459 321 584 360 homini,
606 322 662 362 qui
682 321 714 352 in
733 322 838 362 jurgio
859 322 887 352 ei
907 321 1074 362 objecerat,
1106 322 1190 362 quod
1212 332 1273 354 non
1294 323 1412 353 virtute
1436 332 1494 354 sua
1513 323 1567 354 sed

61 380 225 421 splendore
246 379 372 411 Patriae
392 379 496 411 clarus
517 381 606 416 esset,
626 378 658 409 in
679 378 760 409 hanc
781 378 969 410 sententiam
990 378 1203 419 respondisse:
1226 379 1332 419 Neque
1363 382 1404 417 tu,
1425 380 1455 411 si
1472 380 1567 411 Athe-

61 438 176 469 niensis
187 447 275 474 esses,
295 436 407 468 nobilis
421 436 597 474 extitisses;
617 445 711 475 neque
726 446 786 475 eqo,
807 436 837 467 si
849 435 1009 475 Seriphius
1023 445 1126 473 essem,
1140 436 1291 475 iynobih's.
1306 437 1390 476 Apta
1403 446 1487 475 sane,
1502 437 1566 468 sive

59 495 126 526 viro
145 494 208 526 sive
228 493 369 534 objectae
390 493 445 530 rei,
466 492 624 532 responsio
640 493 658 523 ².
681 491 763 523 Nam
783 493 818 529 si,
839 492 922 532 quod
942 494 978 523 tu
1000 493 1052 531 vis,
1084 492 1304 524 Themistocles
1326 494 1372 524 ita
1392 493 1567 534 respondis*-

59 554 114 583 set.
137 551 209 583 Non
223 551 243 590 ³,
263 551 370 587 hercle,
391 550 419 582 si
438 560 489 590 eqo
510 549 678 589 Seriphius,
699 549 810 580 nobilis
831 550 850 586 ⁴,
873 559 926 581 ozee
948 551 981 580 tu
1001 550 1030 580 si
1074 549 1261 581 atheniensis
1276 560 1365 587 esses,
1386 551 1491 582 clarus
1504 561 1567 582 uni—

60 618 154 648 quam
173 608 296 648 fuisses,
317 617 379 639 non
393 607 404 623 ⁶
420 607 488 648 jam
508 606 561 637 ille
583 606 667 646 quod
686 606 915 646 objiciebatur⁷
945 609 1088 646 negasset
1101 606 1120 644 ⁵³,
1141 606 1268 646 quando
1289 607 1415 647 quidem
1431 608 1442 624 ⁰
1462 608 1567 647 despe-

61 669 160 697 rasset
175 666 204 702 ¹¹¹,
224 674 266 702 se,
287 664 312 695 si
324 664 483 704 Seriphius
498 665 586 700 esset.
601 663 720 694 clarum
735 673 883 703 umquam
898 664 915 680 ¹¹
933 663 1025 694 fuisse
1042 664 1183 694 futurum
1199 664 1219 680 ¹²
1233 664 1316 704 quod
1336 674 1439 704 neque
1454 665 1565 695 virtuti

59 721 273 754 Themistoclis
294 731 395 761 neque
410 720 543 752 fiduciae
557 721 709 752 convenit.
732 720 865 752 Obsecro
879 721 960 751 enim
973 734 979 751 :
1002 720 1209 759 Themistocli,
1224 723 1334 751 tantae
1349 722 1473 752 virtutis
1488 722 1563 759 viro,

59 779 106 811 fas
127 789 189 810 non
210 781 288 816 erat,
311 778 335 809 si
350 778 472 818 Seriphi
490 779 510 795 ¹³³
532 780 624 809 natus
640 780 718 814 erat,
740 778 860 808 clarum
875 778 952 814 fieri,
975 788 1071 817 quum
1086 777 1254 815 videamus,
1276 778 1396 809 meliori
1412 779 1528 809 virtute
1544 779 1564 796 ¹⁴

60 836 207 873 homines,
229 846 267 867 ex
287 845 362 876 agro
377 838 472 875 atque
494 835 600 866 infimo
616 835 682 866 loco
697 837 795 873 natos,
817 835 954 866 illustres
969 835 1124 866 evadere?
1141 836 1162 852 ¹⁵
1184 835 1253 866 Non
1270 836 1374 866 secisse
1388 835 1565 875 Seriphium

59 893 303 932 abjectissimum
317 891 466 924 Graeciae
481 893 583 924 locum
598 896 782 933 argumento
803 894 858 930 est,
875 893 958 932 quod
975 892 1072 924 civem
1088 893 1236 924 habuerit
1252 893 1281 930 ¹⁶,
1299 893 1353 933 qui
1369 893 1389 909 ¹⁷
1410 903 1503 924 ausus
1525 893 1567 924 sit

58 961 128 982 cum
150 950 355 981 Themistocle
376 950 477 981 verbis
493 950 514 967 ¹⁸
535 949 732 986 contendere,
764 952 819 981 aut
842 960 934 990 quem
951 950 972 966 ¹⁹
998 949 1052 980 ille
1073 950 1220 990 dignatus
1244 950 1285 981 sit
1305 952 1340 981 ut
1362 951 1389 981 ei
1412 951 1444 980 in
1462 951 1565 991 jurgio

56 1018 113 1047 per
133 1008 363 1039 contentionem
379 1007 401 1024 ‘²⁰
421 1007 622 1047 responderet
635 1007 665 1037 ¹²¹.
688 1006 754 1037 Nec
769 1017 841 1038 vero
857 1007 980 1038 dicebat
1002 1007 1085 1047 quod
1107 1010 1142 1038 tu
1163 1007 1253 1038 illum
1268 1007 1374 1038 fecisse
1395 1017 1561 1045 asseveraS,

57 1068 93 1095 ut
113 1067 213 1095 totam
243 1073 331 1095 suam
353 1064 550 1095 nobilitatem
570 1074 757 1104 omnemque
787 1064 984 1104 splendorem
1005 1074 1024 1095 a
1055 1065 1161 1103 patria
1182 1067 1425 1105 recognosceret,
1447 1065 1479 1095 in
1499 1075 1563 1104 qua

58 1121 178 1153 sciebat
198 1124 245 1153 tot
266 1121 366 1152 millia
386 1121 546 1153 hominum
568 1131 641 1158 esse,
663 1121 717 1161 qui
739 1121 861 1153 obscuri
877 1122 899 1138 ‘³²'
921 1124 1016 1161 atque
1032 1121 1183 1162 ignobiles
1204 1121 1354 1153 viverent.
1375 1123 1417 1152 At
1429 1122 1567 1153 modera-

58 1179 102 1210 tio
134 1178 265 1210 forsitan
295 1179 340 1209 ita
368 1178 415 1209 illi
447 1179 531 1218 loqui
551 1178 712 1209 suadebat.
747 1178 810 1219 Ego
831 1189 903 1210 vero
923 1189 985 1209 non
1007 1188 1075 1209 sum
1096 1179 1150 1219 qui
1172 1179 1307 1215 credam,
1335 1188 1405 1210 euin
1428 1179 1449 1195 ²³
1472 1178 1563 1209 fuisse

60 1236 194 1266 veritum
215 1235 309 1276 digne
329 1246 362 1267 se
375 1235 507 1267 laudare
529 1236 575 1276 (in
589 1236 786 1267 contentione
808 1236 992 1276 praesertim
1008 1236 1029 1252 ²⁴
1051 1246 1108 1276 per
1128 1246 1224 1276 quam
1245 1236 1294 1267 vel
1315 1236 1532 1267 modestissimi
1547 1237 1569 1253 ‘³⁵

55 1293 156 1324 solent
170 1293 323 1333 excitari),
345 1293 400 1333 qui
414 1293 437 1310 es
457 1302 550 1324 ausus
571 1294 611 1324 sit
626 1293 738 1330 dicere,
759 1293 878 1324 nullam
900 1293 960 1324 sibi
976 1303 1081 1325 vocem
1096 1294 1118 1310 ‘²⁷
1139 1294 1299 1325 meliorem
1314 1294 1337 1311 ²⁸
1357 1294 1456 1325 videri
1469 1303 1566 1334 posse,

58 1361 152 1391 quam
175 1350 240 1390 ejus
261 1350 315 1390 qui
336 1360 408 1382 suas
427 1350 537 1382 laudes
557 1351 673 1391 optime
693 1350 833 1382 dicturus
855 1354 943 1382 esset.
967 1351 1006 1382 Et
1026 1353 1133 1382 tamen
1153 1351 1305 1391 superiori
1326 1351 1408 1383 dicto
1428 1351 1568 1383 modera-

58 1407 176 1438 tionem
197 1407 351 1438 adhibuit.
373 1407 587 1439 Diminutione
602 1408 684 1439 enim
705 1417 777 1438 usus
793 1410 848 1445 est,
869 1408 923 1448 qui
944 1417 976 1439 se
991 1408 1070 1439 dixit
1090 1418 1152 1439 non
1167 1408 1188 1425 ²⁰
1210 1408 1353 1440 futurum
1375 1409 1468 1440 fuisse
1485 1409 1568 1449 igno-

57 1464 161 1502 bilem,
182 1465 208 1495 si
229 1464 390 1504 Seriphius
410 1467 498 1496 esset.
523 1464 593 1496 Non
614 1465 697 1495 enim
718 1466 864 1496 futurum
884 1475 916 1496 se
937 1466 960 1482 ³¹¹
992 1465 1128 1497 nobilem
1151 1468 1208 1497 aut
1227 1466 1347 1497 clarum
1364 1466 1505 1506 jactavit.
1528 1485 1566 1489 —

55 1520 145 1560 Quod
168 1531 239 1553 vero
259 1531 354 1562 super
373 1522 477 1553 omnia
497 1532 546 1553 me
566 1524 678 1559 movet,
699 1522 868 1554 auctoritas
889 1525 936 1553 est
959 1522 1121 1554 Ciceronis.
1144 1523 1225 1554 Nam
1247 1524 1272 1554 si
1294 1523 1414 1555 ratione
1436 1524 1504 1564 quis
1525 1524 1569 1554 di-

54 1579 167 1619 spiciat
182 1579 203 1596 ³¹
220 1579 253 1610 in
268 1579 351 1610 hunc
366 1579 502 1617 modum,
523 1590 580 1610 nec
595 1582 761 1619 praeterea
776 1580 799 1596 ³²²
812 1580 919 1617 alium,
941 1580 1155 1611 Themistoclis
1169 1582 1325 1621 responsio
1341 1581 1467 1612 Catonis
1482 1581 1565 1612 dicto

55 1636 94 1667 de
115 1639 274 1668 senectute
305 1636 470 1668 convenire
490 1640 602 1676 potest,
634 1637 680 1668 ita
699 1637 783 1668 inter
796 1638 820 1654 ³³
850 1647 882 1669 se
903 1638 1039 1669 dilucide
1062 1638 1182 1669 collatis
1210 1639 1374 1678 utriusque
1395 1640 1567 1677 sententiis,

55 1697 101 1731 ut,
122 1694 386 1734 quemadmodum
406 1694 470 1733 ille,
501 1694 641 1735 quisquis
662 1695 687 1725 is
709 1695 779 1733 fuit,
800 1695 826 1726 si
847 1695 1047 1726 Atheniensis
1068 1698 1157 1733 esset,
1185 1695 1298 1727 nobilis
1319 1706 1381 1727 non
1401 1696 1425 1713 ³⁴
1446 1697 1565 1734 fuisset,

54 1761 112 1782 nec
127 1751 358 1792 Themistocles,
374 1754 399 1785 si
412 1754 581 1795 Seriphius,
602 1753 720 1791 fuisset,
737 1754 891 1795 ignobilis,
907 1755 952 1786 ita
966 1764 1068 1794 neque
1082 1756 1235 1791 senectus,
1250 1754 1276 1785 si
1290 1764 1361 1785 cum
1376 1756 1566 1794 paupertate

65 1862 73 1879 ¹
97 1862 151 1891 ΡΡ.
170 1864 328 1892 communis
341 1864 423 1893 habet
831 1865 854 1882 2⁰
872 1865 956 1893 Marc.
974 1873 1027 1899 pro
1045 1864 1223 1892 contentione

48 1918 50 1920 ·
63 1908 74 1924 ‘-'
94 1906 178 1935 Marc.
197 1908 231 1935 de
242 1908 303 1936 ciro
316 1908 374 1937 sic-e
387 1909 420 1937 de
433 1909 554 1937 obiectae
567 1909 609 1937 rei
826 1910 847 1928 ⁴2¹
867 1910 921 1938 ΡΡ.
941 1909 1110 1944 respondere

63 1952 73 1969 '³'
92 1950 146 1979 ΡΡ.
166 1951 250 1981 Marc.
268 1952 340 1981 Mur.
358 1961 410 1981 nee
827 1954 851 1972 22
869 1954 923 1981 ΡΡ.
944 1953 1060 1981 obscure

63 1995 73 2013 ⁴
93 1996 148 2023 FP.
168 1995 238 2024 Mur.
259 1997 393 2032 iynobilis
771 2027 775 2030 ,
828 1999 850 2017 2⁵
869 1998 925 2026 ΡΡ.
945 1999 1015 2027 Mur.
1034 2006 1115 2026 senza
1133 2006 1199 2026 eum

63 2040 74 2059 5
92 2039 176 2068 Marc.
196 2049 246 2070 nee
264 2042 290 2069 si
309 2043 339 2069 ιἰι
829 2043 851 2062 ²4
870 2043 925 2071 ΡΡ.
939 2044 1087 2078 praesenti

62 2085 73 2102 ⁶
92 2084 146 2113 Pr.
166 2085 280 2118 fuisses.
301 2086 371 2114 Non
829 2090 852 2107 ‘²⁵
870 2087 924 2115 ΡΡ.
944 2088 1148 2116 modestissime

63 2129 75 2146 ⁷
94 2129 149 2157 ΡΡ.
169 2129 317 2164 objiciebat
830 2134 853 2151 ²⁶
873 2132 927 2162 ΡΡ.
946 2141 1034 2167 quam

64 2174 75 2191 ⁸
93 2173 178 2202 Marc.
196 2182 330 2210 ozeyasses
832 2177 854 2196 ²⁷
873 2177 928 2206 ΡΡ.
948 2178 1048 2206 omette
1067 2185 1162 2205 vocem

63 2218 74 2235 ⁹
92 2217 148 2247 ΡΡ.
167 2227 271 2254 quanm
291 2220 375 2248 Marc.
395 2219 530 2256 qnoniam
834 2223 857 2240 28
875 2222 929 2250 ΡΡ.
949 2221 1115 2250 memoriam
1134 2229 1183 2256 per
1201 2220 1356 2255 meliorem,
1376 2220 1462 2249 Marc.
1480 2229 1573 2250 amoe-

50 2262 72 2279 10
90 2262 175 2291 Marc.
193 2262 357 2298 desperaret
866 2266 978 2294 morem

51 2306 73 2323 11
92 2306 146 2336 ΡΡ.
166 2315 316 2343 nunquam
830 2310 854 2330 ²⁹
872 2310 926 2339 ΡΡ.
941 2311 1040 2339 omette
1054 2310 1191 2344 futurum
1202 2310 1293 2343 fuisse
1304 2309 1468 2346 immilem,
1485 2309 1512 2338 si
1525 2308 1574 2338 Se-

51 2350 73 2368 1‘2
91 2350 177 2380 Marc.
197 2351 334 2385 futurum,
353 2354 456 2387 fuisset
864 2355 980 2390 riphius
999 2356 1076 2383 esset.
1097 2354 1168 2383 Non
1187 2354 1262 2382 enim
1286 2354 1424 2387 succorum
1442 2361 1472 2382 se
1489 2353 1573 2382 nobi-

51 2395 74 2413 ¹³
92 2394 176 2424 Marc.
194 2399 264 2426 erat.
285 2397 403 2434 Seriphi
867 2399 923 2429 leni
942 2402 995 2429 aut
1006 2400 1117 2428 clarum

50 2439 72 2457 ¹⁴
90 2439 174 2470 Marc.
193 2442 329 2471 mediocri
347 2444 453 2472 virtute
824 2445 849 2463 3¹¹
867 2445 952 2473 Marc.
971 2453 1052 2472 senza.
1069 2451 1099 2472 se

51 2484 73 2501 ¹5
92 2483 146 2512 ΡΡ.
166 2486 283 2514 evadere
300 2495 389 2522 omnm
408 2488 493 2517 Marc.
513 2489 639 2518 evadere.
828 2490 847 2507 3¹
871 2489 955 2517 Marc.
974 2489 1029 2516 ΡΡ.
1048 2489 1184 2524 despiciat

52 2529 74 2546 ¹¹³
93 2529 176 2558 Marc.
196 2530 265 2560 Mur.
284 2532 398 2561 haberet
827 2535 851 2552 ³²
870 2534 924 2561 ΡΡ.
937 2536 1056 2569 praeter
1069 2542 1103 2562 ea
1114 2535 1184 2568 alia,
1204 2534 1274 2562 Mur.
1293 2532 1369 2562 alias

51 2573 72 2590 ¹⁷
90 2573 146 2602 ΡΡ.
164 2582 251 2609 (μιαυι
269 2584 359 2605 (iustis
826 2580 848 2597 ³⁸
867 2579 952 2607 Marc.
973 2579 1027 2607 ΡΡ.
1047 2579 1085 2607 acl
1102 2587 1150 2613 per
1167 2579 1243 2606 inter

51 2617 74 2635 ¹⁸
93 2617 176 2646 Marc.
196 2620 278 2648 verbo
831 2624 853 2642 ³¹
872 2623 957 2652 Marc.
976 2623 1030 2651 ΡΡ.
1051 2631 1132 2651 senza
1151 2631 1210 2650 mm

53 2664 75 2681 ¹⁹
94 2663 178 2692 Marc.
197 2665 291 2694 autem
309 2674 393 2701 quem
