1845 3076
735 175 871 199 musione
1518 166 1556 196 27

747 333 861 365 XXIII.

436 456 456 487 J
459 455 571 487 OANN
575 456 589 487 Ι
610 455 822 487 BONONIEN
824 455 859 487 SI
879 455 897 487 J
902 454 1175 487 USTINOPOLIN
1191 456 1199 472 ¹

567 539 694 569 PADUAE,
715 539 767 561 Xiv
789 539 855 561 KAL.
877 538 937 561 oor.
959 530 1043 561 1395.

294 606 361 642 (ΒΓ.
375 614 407 641 p.
425 607 444 634 -1
463 608 502 639 t.,·
523 622 555 625 —
579 605 631 633 Gr.
644 614 676 640 2).
696 605 750 633 131
771 606 799 639 t;
818 621 851 624 —
871 604 952 633 ΒΜ.
971 613 993 632 c.
1013 604 1074 638 62‚·
1095 620 1126 624 ——
1146 604 1209 633 ΡΡ.
1228 613 1256 632 n.
1276 605 1336 641 39.)

131 693 256 725 Difficili
276 696 372 733 atque
395 693 471 724 adeo
492 703 585 733 aegro
606 694 710 724 animo
730 702 799 723 sum
816 692 1014 732 jamdudum,
1035 695 1071 722 111
1090 702 1245 732 nequeam
1272 693 1330 732 ipsi
1352 693 1428 723 mihi
1451 703 1561 733 usque-

53 761 181 792 quaque
195 753 380 790 temperare.
402 750 452 781 Ita
465 760 514 780 me
530 753 622 788 urget
634 750 758 789 patriae
770 749 932 780 calamitas
945 751 978 780 et
990 759 1097 780 rerum
1110 752 1288 780 nostrarum
1312 750 1414 790 gravis
1439 751 1557 781 status!

53 808 120 839 Scio
141 808 232 846 enim,
254 807 480 838 carissimorum
506 809 683 847 parentum,
702 807 967 837 strictissimorum
988 809 1186 846 agnatorum,
1206 806 1455 838 dulcissimorum
1471 808 1558 838 soda-

53 864 132 895 1111111
152 867 248 904 atque
268 864 438 896 amicorum
458 863 593 894 salutem
615 864 774 903 vitamque
795 873 832 894 ex
854 863 1010 903 praesenti
1031 863 1187 894 coelorum
1219 864 1403 903 intemperie
1424 864 1559 895 incertas

51 931 125 952 esse.
148 920 225 959 Scio,
245 923 287 958 te,
317 921 371 961 qui
392 930 424 952 es
447 921 523 951 mihi
544 921 613 951 luce
634 920 743 957 carior,
774 919 890 951 eisdem
909 920 1032 951 casibus
1063 930 1099 951 ac
1119 920 1265 960 periculis
1297 921 1465 952 obnoxium
1486 931 1559 952 esse.

49 977 118 1009 Nec
132 979 152 1017 ²,
174 978 300 1018 quando
321 977 361 1009 ad
383 988 539 1018 quemque
561 988 598 1009 ex
618 977 704 1009 vobis
725 977 833 1015 scribo,
855 978 929 1008 satis
950 978 1020 1014 scio,
1041 978 1194 1008 viventem
1216 988 1255 1009 ne
1277 988 1318 1009 au
1339 981 1497 1009 mortuum
1518 979 1563 1009 in-

50 1035 217 1075 terpellem
231 1036 250 1066 3.
283 1035 372 1067 Nova
393 1035 533 1075 quotidie
553 1035 666 1066 funera
685 1035 789 1072 audio,
810 1045 904 1066 novos
924 1035 1036 1072 luctus,
1069 1035 1182 1074 quibus
1203 1044 1265 1066 non
1286 1035 1392 1076 urgeri
1413 1046 1474 1066 non
1497 1045 1561 1075 pos-

50 1102 130 1130 sum,
152 1103 253 1133 neque
273 1092 367 1132 plane
395 1093 553 1124 continere
573 1092 720 1124 dolorem.
742 1092 923 1132 Sperabam,
944 1095 975 1123 te
1004 1093 1186 1132 propediem
1218 1092 1279 1123 huc
1299 1095 1465 1124 venturum
1498 1094 1556 1133 (ita

51 1150 135 1181 enim
156 1150 313 1190 pollicitus
334 1150 410 1181 mihi
424 1150 597 1189 videbare),
619 1153 676 1180 aut
697 1149 758 1181 alio
772 1160 896 1189 quoquo
909 1150 918 1166 ⁴
939 1150 1066 1186 iturum,
1089 1150 1163 1181 dum
1178 1152 1285 1181 tamen
1299 1151 1310 1167 ⁵
1329 1151 1373 1181 ibi
1394 1160 1456 1181 non
1471 1160 1560 1181 esses

51 1206 141 1245 Quod
160 1217 200 1238 ne
221 1207 348 1246 faceres,
370 1218 389 1238 a
414 1207 591 1239 concivibus
611 1207 674 1237 tuis
693 1209 725 1238 te
746 1206 938 1246 prohibitum
964 1207 1078 1246 accepi,
1110 1207 1297 1248 negantibus
1318 1208 1492 1244 convenire,
1515 1210 1559 1245 ut,

49 1264 236 1304 quibuscum
256 1264 288 1295 in
309 1267 448 1304 tempore
469 1265 553 1295 laeto
574 1264 697 1300 vixeris,
718 1264 751 1294 in
765 1264 895 1295 adverso
916 1274 947 1295 se
968 1264 1101 1301 deseras,
1114 1265 1251 1304 —quasi
1272 1268 1306 1295 tu
1321 1265 1362 1295 sis
1376 1265 1387 1281 ‘³
1407 1266 1461 1304 qui
1482 1275 1560 1296 mor-

50 1321 106 1352 bos
126 1322 201 1353 istos
216 1322 358 1353 exitiales
378 1332 489 1353 curare
510 1322 605 1362 possis
626 1324 658 1352 et
673 1332 734 1353 non
749 1322 794 1352 ita
808 1322 904 1352 emori
918 1322 1009 1352 sicuti
1030 1322 1129 1361 quivis
1144 1322 1294 1353 indoctus.
1311 1322 1428 1353 Verum
1440 1325 1558 1353 utrum-

50 1389 111 1418 que
133 1379 210 1410 mihi
240 1379 405 1410 molestum
426 1383 482 1416 est,
513 1382 545 1410 et
566 1378 671 1419 quod⁷
693 1379 830 1419 periculo
850 1379 949 1410 subsis
971 1382 1002 1409 et
1023 1380 1090 1419 cogi
1111 1379 1214 1418 possis.
1239 1378 1321 1411 Nam
1342 1382 1373 1410 et
1394 1380 1562 1411 imminere

50 1436 184 1473 morbos,
205 1437 319 1476 quibus
339 1436 425 1468 nullo
446 1436 606 1467 consulere
627 1436 853 1467 medicamento
875 1446 980 1475 queas,
1002 1438 1034 1467 et
1055 1437 1121 1477 ejus
1142 1446 1206 1468 esse
1228 1436 1314 1467 urbis
1346 1437 1450 1474 civem,
1474 1437 1558 1467 unde

50 1503 113 1524 11011
133 1493 227 1525 liceat
248 1494 336 1525 abire
357 1504 427 1524 cum
445 1493 527 1532 velis,
550 1496 684 1533 utraque
706 1504 754 1524 res
773 1494 876 1533 gravis
897 1496 928 1524 et
942 1493 1116 1533 periculosa
1137 1496 1191 1524 est.
1214 1494 1274 1525 Sed
1295 1494 1327 1524 in
1341 1494 1389 1524 his
1410 1494 1489 1524 1111111
1503 1505 1559 1534 ego

51 1552 84 1581 te
104 1553 160 1582 aut
180 1561 214 1582 re
237 1554 292 1582 aut
312 1551 438 1582 consilio
456 1552 568 1591 juvare
583 1561 719 1591 possum.
741 1550 817 1581 Pars
838 1554 944 1582 tamen
958 1550 1069 1582 salutis
1088 1551 1194 1588 fuerit,
1208 1552 1234 1581 si
1250 1551 1376 1582 curabis
1391 1554 1429 1582 ut
1442 1551 1557 1589 valeas,

54 1611 86 1638 et
106 1607 259 1640 familiam
278 1619 410 1646 omnem,
440 1609 490 1639 cui
510 1608 589 1639 nihil
610 1608 813 1639 interdictum
834 1611 890 1645 est,
922 1617 1074 1639 amoveas,
1106 1609 1169 1649 Ego
1189 1609 1329 1640 consulto
1358 1608 1492 1647 decrevi,
1514 1612 1559 1647 ut,

51 1665 111 1696 etsi
131 1676 227 1705 quam
247 1665 409 1697 humiliter
430 1666 628 1697 serviendum
647 1666 696 1702 sit,
719 1668 825 1696 tamen
845 1665 917 1696 hinc
949 1666 1071 1703 abeam,
1094 1666 1148 1697 ubi
1170 1667 1306 1706 primum
1327 1667 1423 1697 istaec
1438 1667 1448 1682 Β
1470 1667 1561 1706 pesti-

51 1721 120 1754 fera
141 1724 283 1764 contagio
314 1723 375 1754 huc
396 1723 537 1754 evaserit.
570 1723 720 1754 Parentes
743 1723 812 1760 mei,
842 1725 877 1753 ut
899 1723 1052 1763 plerique,
1075 1733 1113 1754 ex
1134 1724 1279 1764 angustia
1303 1725 1348 1754 rei
1371 1724 1560 1755 domesticae

51 1779 140 1811 abire
160 1780 233 1812 inde
263 1791 325 1812 non
346 1783 483 1820 possunt.
516 1779 725 1820 Quamquam,
745 1791 763 1811 0
783 1780 886 1811 Deus!
920 1780 997 1820 quid
1018 1780 1083 1811 dixi
1104 1781 1290 1821 angustiam,
1322 1783 1354 1812 et
1377 1791 1438 1812 non
1458 1781 1562 1821 potius

53 1845 205 1870 summam
219 1840 315 1878 atque
328 1838 594 1878 opulentissimam
615 1837 794 1869 miseriam?
809 1838 911 1875 Senes,
925 1838 1020 1878 aegri,
1040 1839 1147 1878 inopes
1162 1838 1309 1870 laborant
1330 1839 1360 1876 9;
1381 1849 1438 1870 nec
1459 1841 1505 1870 est
1519 1840 1562 1869 eis

52 1897 128 1935 ulla,
163 1906 264 1936 neque
285 1896 318 1926 in
349 1905 381 1927 se
412 1906 512 1935 neque
545 1897 579 1926 111
599 1895 677 1933 aliis,
710 1906 787 1936 speS.
820 1896 924 1936 thue
945 1896 1023 1927 nihil
1058 1897 1099 1928 ad
1129 1907 1283 1929 summam
1317 1897 1406 1935 desit,
1441 1899 1563 1938 cogitur

52 1964 138 1985 nunc
173 1956 274 1994 pater,
304 1953 508 2001 sponsionem,
539 1963 634 1993 quam
664 1963 721 1993 pro
741 1953 802 1984 alio
835 1954 986 1992 subierat,
1017 1955 1083 1994 ipse
1118 1965 1151 1986 re
1172 1955 1312 1995 implere,
1339 1958 1370 1986 et
1396 1955 1561 1995 pecuniam

51 2011 178 2052 quidem
199 2011 276 2042 adeo
297 2021 422 2051 gravem
443 2010 599 2042 exsolvere
614 2011 644 2041 ¹⁰.
665 2010 722 2041 His
741 2021 796 2051 ego
819 2022 881 2042 non
901 2012 1018 2043 moveri
1038 2022 1101 2043 non
1121 2022 1254 2052 possum,
1287 2023 1478 2053 quamquam
1500 2013 1558 2044 hoc

50 2069 153 2109 ipsum
172 2079 294 2109 semper
314 2068 425 2100 moliar
441 2069 472 2106 ¹¹,
487 2071 523 2099 ut
539 2068 643 2099 omnia
655 2069 688 2099 in
702 2072 826 2108 partem
839 2069 1000 2101 meliorem
1020 2069 1156 2107 traham,
1178 2073 1210 2101 et
1223 2070 1457 2107 sollicitudines,
1479 2079 1561 2110 quae

50 2126 235 2167 profuturae
256 2126 335 2157 1111111
355 2128 438 2163 sunt,
459 2126 591 2157 demam.

130 2185 214 2216 Ante
235 2184 290 2215 hos
311 2183 376 2215 dies
395 2183 555 2214 dominum
576 2183 661 2215 Breu
686 2184 709 2200 ¹²
728 2184 876 2222 conveni,
898 2185 1049 2216 mandata
1069 2187 1126 2216 tua
1147 2185 1284 2225 exposui.
1312 2185 1369 2216 Ille
1390 2195 1439 2216 me
1460 2185 1561 2216 noluit

60 2278 69 2294 ¹
89 2277 136 2304 Gr.
155 2277 204 2305 Jo.
223 2277 257 2305 de
275 2276 410 2304 Bononia
423 2276 546 2311 phisico.
836 2278 847 2295 ⁸
864 2277 910 2305 ΒΓ.
929 2277 1016 2311 istec;
1037 2278 1097 2306 PM.
1119 2279 1189 2311 ista,-
1210 2278 1264 2306 ΡΡ.
1285 2278 1356 2306 istac

59 2322 72 2339 ²
89 2321 136 2350 Gr.
155 2322 238 2349 mette
255 2320 344 2356 prima
362 2321 387 2349 10
406 2321 500 2356 parole
519 2320 580 2348 Nec
652 2321 742 2350 scribo
761 2321 790 2349 al
837 2323 849 2339 ⁹
868 2322 922 2351 ΡΡ.
943 2322 1076 2351 laborent

83 2365 196 2400 periodo
217 2365 282 2393 Scio
363 2365 513 2393 obnoxium
541 2373 607 2399 esse,
626 2374 640 2393 0
659 2365 718 2394 dice
736 2365 785 2393 che
822 2367 843 2383 ¹⁰
856 2366 924 2395 Reff.
937 2367 1079 2403 aggiunge
1093 2369 1123 2395 ιιί
1135 2368 1172 2396 sit
1184 2367 1210 2395 ei
1222 2369 1274 2395 aut
1285 2376 1382 2396 carcer
1395 2368 1563 2396 subeundus

83 2410 181 2445 questo
195 2409 243 2438 010
253 2409 347 2445 parole
360 2410 431 2437 satis
442 2409 499 2437 scio
511 2417 646 2437 mancano
656 2409 702 2438 nel
713 2409 741 2437 C.
752 2409 783 2437 P.
856 2413 908 2438 aut
926 2411 1000 2447 fuya
1012 2412 1159 2447 paranda.
1179 2412 1231 2440 Nol
1245 2412 1292 2440 ΒΥ.
1313 2420 1378 2447 pare
1397 2412 1447 2440 che
1466 2414 1561 2448 queste

58 2455 69 2471 ³
88 2454 143 2488 Br.,
162 2453 208 2481 Gr.
228 2462 242 2481 e
261 2453 321 2481 PM.
340 2453 519 2488 interpellant
858 2456 952 2490 parole
970 2456 1075 2484 fossero
1095 2464 1161 2491 pure
1174 2456 1318 2492 aggiunte,
1336 2465 1381 2484 ma
1400 2464 1455 2484 non
1468 2457 1492 2485 si
1502 2457 1564 2493 leg-

57 2499 69 2516 ⁴
86 2498 139 2526 Nei
158 2497 246 2526 codici
263 2505 393 2533 qumque,-
413 2497 459 2525 Gr.
479 2506 623 2533 quoquam
861 2508 933 2535 gono
951 2500 1019 2528 bene
1038 2501 1153 2529 essendo
1172 2500 1330 2529 cancellate.

56 2543 69 2561 ⁵
88 2542 134 2571 Gr.
153 2543 254 2571 omette
274 2544 368 2571 tamen
821 2545 840 2562 ¹¹
862 2544 909 2572 ΒΓ.
927 2552 941 2572 0
961 2544 1007 2572 Gr.
1028 2544 1132 2572 molior

56 2589 69 2606 ὃ
90 2587 144 2615 ΡΡ.
163 2587 219 2615 scis
825 2590 846 2606 ’Ξ
866 2589 911 2616 Gr.
931 2588 1042 2617 Breum

78 2633 89 2649 ⁷
108 2631 162 2659 ΡΡ.
181 2632 250 2667 quia
