1845 3076
240 156 296 186 120
871 157 896 180 Ρ.
917 157 943 179 P.
965 155 1113 179 VERGERIO

235 247 436 285 omniumque
455 244 616 284 ingenium
635 245 777 274 nostrum
792 242 800 258 ¹
821 241 891 272 sint.
914 240 974 272 Sed
994 240 1157 271 devotione
1179 239 1328 276 adducor,
1343 241 1380 270 ut
1400 239 1446 270 ita
1460 239 1570 276 dicam,
1591 238 1747 278 simulque

234 305 270 334 ut
284 302 351 341 tibi,
372 312 428 342 pro
443 301 576 332 caritate
591 302 648 330 tua
663 301 695 330 et
709 298 882 335 affectione,
904 307 1022 329 morem
1036 307 1151 338 geram.
1173 296 1217 328 Ut
1232 297 1315 327 enim
1330 296 1409 326 nihil
1424 306 1479 336 ego
1496 296 1617 326 avidius
1632 296 1746 333 dicere,

233 360 279 391 ita
300 362 332 390 et
352 361 388 390 tu
409 358 520 389 audire
539 356 619 388 nihil
643 355 815 397 jucundius
835 357 931 395 potes.
962 354 1034 384 Dixi
1056 354 1133 384 alias
1154 354 1193 384 de
1215 353 1275 384 hac
1295 353 1365 393 ipsa
1385 363 1419 384 re
1440 353 1473 383 in
1494 355 1650 384 conventu
1669 352 1748 384 mul-

234 416 388 453 titudinis,
411 425 472 446 non
493 414 622 455 quidem
640 415 677 444 ut
697 413 774 444 mihi
794 412 930 449 laudem,
958 411 1012 442 sed
1034 414 1071 442 ut
1091 410 1177 451 apud
1197 420 1304 442 omnes
1324 410 1464 442 homines
1491 410 1623 450 gloriam
1645 413 1676 442 et
1697 410 1749 441 de-

233 474 389 506 votionem
408 472 520 504 Sancto
539 480 735 512 quaererem.
756 470 849 501 Nunc
869 472 905 501 tu
926 469 1003 500 mihi
1023 469 1108 501 solus
1120 469 1131 485 ²
1152 478 1208 508 pro
1230 468 1434 500 multitudine
1454 479 1495 507 es,
1518 473 1549 501 et
1562 480 1597 501 eo
1619 470 1747 510 quidem

235 531 392 571 acceptior
409 530 545 567 auditor,
568 529 651 569 quod
665 528 735 566 scio⁷
757 528 836 559 nihil
858 528 961 558 dicere
974 537 1024 558 me
1044 536 1133 566 posse
1149 527 1188 558 de
1208 528 1391 569 Hieronymi
1412 527 1567 565 laudibus,
1589 529 1671 569 quod
1687 539 1748 560 non

235 597 424 628 magnopere
446 587 563 627 probes.
586 585 646 617 Sed
666 586 745 617 haec
765 585 928 622 hactenus,
949 587 986 615 ut
1001 595 1103 624 neque
1124 585 1301 625 neglexisse
1322 585 1436 622 omnia,
1457 596 1559 625 neque
1585 586 1751 626 complecti

236 645 359 686 singula
380 644 512 676 voluisse
533 644 705 675 videamur.
727 643 816 674 Vale.

901 902 1085 933 LXXXVII.

753 996 786 1027 P.
810 995 842 1027 P.
865 995 1107 1026 VERGERIUS.
1129 995 1167 1026 N.
1190 995 1229 1026 N.

949 1070 977 1101 S.
1000 1070 1028 1101 d.

601 1147 665 1184 (Br.
679 1156 711 1183 2).
730 1147 812 1181 22t;
833 1163 865 1166 ——
886 1146 957 1174 PM.
976 1155 998 1174 c.
1018 1146 1097 1179 85t;
1119 1162 1150 1165 —
1170 1145 1233 1174 PP.
1253 1155 1280 1174 n.
1301 1146 1381 1182 105.)

298 1238 368 1269 Non
389 1237 499 1274 facilis,
521 1246 623 1276 neque
644 1236 724 1267 certi
740 1235 862 1276 judieii,
884 1244 933 1266 res
954 1237 1009 1272 est,
1031 1245 1128 1274 quum
1150 1234 1301 1274 explicari
1322 1245 1341 1266 a
1362 1245 1411 1266 me
1432 1236 1583 1276 postulas,
1614 1237 1661 1268 vir
1680 1237 1752 1268 insi-

241 1295 320 1336 gnis,
333 1297 379 1332 ut,
395 1294 565 1334 quoniam3
587 1293 687 1324 virtus
702 1293 735 1323 in
750 1302 864 1333 genere
884 1292 1056 1323 difficilium
1077 1291 1249 1322 constituta
1271 1295 1327 1331 est,
1354 1303 1454 1333 eaque
1474 1293 1578 1324 circa⁴
1600 1304 1751 1334 prospera

236 1352 431 1392 adversaque
441 1354 593 1389 versetur,
607 1353 715 1382 utrum
730 1349 886 1381 difficilius
899 1349 1073 1380 existimem
1087 1349 1106 1386 ⁵,
1121 1348 1326 1380 adversitates
1341 1350 1423 1381 ferre
1437 1361 1479 1381 an
1492 1353 1670 1391 temperare
1684 1361 1753 1391 pro-

236 1410 410 1450 speritates.
432 1408 539 1449 Magni
556 1411 728 1447 utrumque
744 1407 841 1438 animi
865 1416 943 1446 opus
966 1409 1015 1437 est
1027 1407 1038 1423 Β
1060 1410 1091 1437 et
1105 1407 1172 1447 ejus
1192 1407 1225 1437 in
1240 1417 1333 1447 quem
1345 1407 1356 1423 ⁷
1376 1407 1525 1438 fortuna⁸
1546 1408 1608 1439 vim
1628 1409 1750 1440 nullam

237 1468 362 1499 habeat.
384 1467 444 1498 Sed
463 1476 538 1497 sane
563 1465 688 1496 difficile
712 1467 759 1496 est
782 1465 971 1505 dignoscere.
994 1464 1185 1504 Ambiguam
1205 1474 1271 1495 rem
1294 1464 1433 1496 efficiunt
1453 1465 1603 1497 adversae
1617 1466 1750 1498 clarissi-

236 1536 358 1556 morum
379 1527 541 1555 auctorum
562 1523 747 1561 sententiae,
770 1522 899 1562 paribus
920 1522 985 1553 fere
1001 1522 1177 1553 rationibus
1193 1522 1354 1553 subnixae.
1377 1522 1437 1553 Sed
1451 1523 1558 1563 magis,
1583 1523 1667 1563 quod
1684 1534 1750 1555 eve-

236 1583 305 1614 nire
318 1592 376 1613 usu
391 1581 541 1618 videmus,
555 1581 587 1611 in
603 1579 755 1611 utramvis
776 1581 900 1619 partem
923 1589 1023 1619 aeque
1038 1579 1103 1610 labi
1118 1578 1219 1610 solent
1235 1579 1376 1610 homines
1387 1580 1405 1611 ⁹.
1429 1578 1505 1618 Quis
1519 1583 1566 1611 est
1581 1581 1672 1620 enim,
1690 1581 1750 1612 nisi

235 1640 326 1671 niodo
347 1639 388 1670 ad
407 1649 563 1670 summum
580 1638 647 1678 jam
668 1637 798 1673 venerit,
821 1636 874 1676 qui
896 1647 958 1667 non
981 1635 1132 1667 efferatur
1146 1637 1310 1676 prosperis,
1333 1647 1430 1677 quum
1451 1637 1604 1675 abundat,
1626 1638 1751 1679 franga—

234 1700 289 1729 tur
303 1696 460 1728 adversis?
488 1696 600 1735 Itaque
615 1695 647 1725 in
662 1695 721 1726 hac
736 1705 842 1726 rerum
858 1694 994 1733 paritate
1009 1693 1133 1724 difficile
1150 1696 1196 1724 est
1211 1697 1296 1725 reete
1309 1694 1487 1726 decernere.
1503 1694 1564 1726 Sed
1579 1695 1676 1727 debeo
1690 1696 1749 1727 tibi

236 1755 341 1786 omnia
363 1764 400 1785 ex
421 1753 570 1790 amicitia,
592 1763 688 1792 quam
708 1751 930 1791 despondimus
950 1751 1092 1789 invicem,
1113 1761 1176 1782 non
1197 1755 1263 1783 tarn
1284 1752 1384 1783 veteri
1398 1763 1494 1792 quam
1508 1763 1583 1784 vera
1598 1755 1694 1793 atque
1709 1753 1752 1785 ef-

235 1812 333 1849 ficaci,
349 1812 388 1843 ob
403 1821 498 1851 quam
514 1810 593 1841 nihil
607 1820 663 1850 ego
677 1819 764 1849 posse
779 1809 877 1840 debeo
892 1808 978 1849 quod
991 1818 1053 1839 non
1067 1810 1234 1848 praestem,
1255 1809 1334 1839 nihil
1350 1812 1386 1840 tu
1400 1812 1507 1849 petere
1521 1810 1604 1850 quod
1618 1821 1680 1842 non
1694 1810 1749 1842 im-

233 1873 345 1910 petres.
367 1869 449 1899 Huic
460 1868 556 1908 igitur
570 1867 675 1898 studio
691 1867 845 1906 accingar,
861 1868 893 1897 et
907 1865 1010 1906 prima
1030 1865 1175 1897 laborum
1196 1876 1337 1897 meorum
1359 1866 1540 1898 rudimenta
1555 1867 1614 1899 tibi
1628 1867 1749 1900 dicabo.

235 1927 292 1964 Tu,
307 1929 333 1959 si
347 1926 423 1966 quid
438 1926 540 1957 minus
555 1925 615 1956 erit
627 1935 723 1965 quam
737 1923 904 1964 concepisti
919 1923 1016 1963 (tanti
1032 1923 1114 1954 enim
1129 1933 1178 1954 me
1194 1923 1270 1954 facis
1284 1924 1396 1964 quanti
1410 1924 1456 1956 vis
1471 1924 1571 1965 fiam),
1586 1925 1644 1957 tibi
1658 1926 1749 1956 ascri-

233 1985 309 2022 bito,
329 1985 384 2024 qui
405 1987 437 2015 te
458 1983 523 2023 ipse
546 1983 644 2014 fallas.
668 1982 731 2013 Mei
752 1984 861 2012 autem
876 1981 967 2013 officii
982 1981 1088 2018 fuerit,
1103 1991 1194 2012 omne
1208 1981 1363 2021 quidquid
1383 1981 1416 2012 in
1430 1992 1480 2013 ine
1503 1985 1550 2013 est
1566 1982 1748 2024 diligentiae

232 2042 411 2082 laborisque
433 2040 611 2072 contulisse.
634 2039 774 2070 Primum
798 2039 897 2079 igitur
920 2048 980 2070 non
1007 2041 1053 2069 est
1078 2038 1111 2069 in
1136 2038 1199 2070 illis
1230 2039 1408 2079 hujusmodi
1429 2039 1524 2078 locus,
1545 2039 1608 2080 qui,
1629 2040 1749 2080 pacatis

231 2099 474 2140 compositisque
493 2097 698 2137 passionibus,
718 2097 751 2127 in
766 2096 899 2127 rationis
913 2096 974 2127 vim
989 2095 1156 2136 imperium
1172 2106 1263 2127 omne
1278 2097 1523 2135 transtulerunt,
1538 2097 1652 2138 quibus
1668 2097 1749 2129 nihil

228 2158 295 2198 jani
309 2156 434 2187 difficile
450 2158 505 2193 est,
520 2154 599 2186 nihil
614 2154 788 2191 molestum⁷
805 2153 859 2185 sed
875 2156 1010 2193 gratum,
1028 2163 1065 2184 ac
1081 2153 1272 2184 delectabile
1287 2154 1441 2194 quidquid
1463 2155 1635 2186 secundum
1647 2155 1669 2172 ¹⁰
1689 2155 1749 2186 vir-

232 2217 334 2246 tutem
355 2214 412 2245 fiat
429 2214 458 2244 ¹¹.
481 2213 601 2244 Rarum
618 2214 665 2243 est
679 2211 848 2243 admodum
862 2210 927 2241 tale
948 2210 1111 2241 hominum
1132 2221 1238 2251 genus,
1259 2221 1336 2251 quos
1354 2222 1416 2243 non
1435 2211 1634 2252 philosophos
1659 2222 1747 2243 more

233 2272 412 2312 Pitagorae,
434 2271 514 2301 idest
535 2269 708 2310 sapientiae
722 2268 883 2305 studiosos⁷
897 2267 951 2299 sed
967 2268 1048 2308 ipsos
1068 2268 1226 2308 sapientes
1245 2268 1349 2300 dicere
1371 2268 1474 2300 liceat.
1496 2269 1547 2307 Hi,
1564 2270 1589 2301 si
1605 2269 1747 2310 quisunt

234 2333 303 2370 (ego
319 2330 401 2360 enim
415 2328 566 2368 plurimos
581 2327 653 2358 novi
667 2326 722 2367 qui
736 2325 894 2365 sapientes
907 2326 929 2342 ¹²
969 2349 1174 2356 .....

244 2425 250 2440 1
271 2423 326 2450 ΓΡ.
347 2423 513 2449 nostrornm
1004 2419 1014 2436 ⁷
1034 2418 1088 2446 PP.
1108 2427 1196 2453 quam

243 2469 253 2484 ’ἶ
273 2468 305 2494 In
327 2466 444 2501 qualche
463 2465 555 2493 codice
572 2464 666 2493 solum
1002 2463 1012 2480 S
1032 2463 1077 2491 ΒΓ.
1097 2472 1111 2489 e
1130 2463 1191 2491 PM.
1212 2462 1365 2495 fortunam

243 2514 252 2529 2:
272 2512 328 2540 1¹1¹.
347 2512 487 2545 ammaum
1001 2508 1012 2524 ⁹
1030 2507 1090 2535 PM.
1104 2507 1193 2534 solere
1206 2507 1349 2539 leonianam,-
1361 2507 1406 2536 Br.
1421 2508 1475 2536 PP.
1489 2508 1618 2536 homines
1630 2508 1750 2537 soleant.

244 2557 254 2573 ⁴
274 2555 336 2582 cosi
356 2554 522 2583 PBL—131:
544 2562 557 2580 c
578 2552 631 2581 PP.
652 2560 748 2580 ιάιιεα.
994 2552 1014 2568 ¹0
1035 2552 1087 2579 PP.
1108 2552 1206 2578 onicttc
1226 2552 1391 2580 secundm.

244 2602 254 2618 5
272 2600 327 2627 l’l'.
347 2599 523 2626 aurisennelm·
994 2597 1013 2613 1¹
1034 2596 1079 2623 ΒΓ.
1099 2596 1181 2628 fiant.

243 2646 254 2662 ὃ
272 2643 317 2672 Br.
337 2643 392 2670 Pr.
411 2650 495 2670 senza
514 2649 586 2676 opus
994 2640 1014 2656 ’ἵ
1035 2639 1135 2666 Manca
1154 2638 1174 2665 il
1194 2639 1275 2667 resto.
