1845 3076
770 179 906 203 EPISTOLE
1533 173 1590 203 205

766 315 914 347 CXXXV.

469 390 721 422 ANTONIUS
757 391 815 421 Di:
854 391 1202 422 BARUFFALDIS

700 475 723 496 r.
746 475 770 496 ν.
794 474 942 497 vERcEino
960 467 975 496 ¹.

803 533 824 551 5.
844 524 868 551 d.

759 579 772 606 (
782 578 815 605 G.
845 578 910 609 76.)

157 649 346 688 Conceptum
369 647 560 687 propositum
582 647 620 677 de
641 650 673 678 te
694 647 769 677 mihi
793 647 975 679 solidissime
1003 647 1203 684 confirmasti,
1231 651 1265 679 et
1292 648 1331 679 ad
1360 648 1476 679 altiora
1504 658 1589 688 spem

79 705 246 737 ascendere
261 705 396 745 coegisti,
408 705 530 745 juvenis
545 704 676 743 egregie,
691 707 786 736 {etate
802 704 980 741 dumtaxat,
995 705 1049 735 sed
1064 705 1181 736 virtute
1196 707 1320 736 mature
1331 707 1342 722 ‘⁴’
1355 708 1452 745 atque
1463 706 1588 745 judicio.

78 762 223 803 Epistolae
244 772 380 802 namque
401 762 484 792 tuae³
505 762 662 801 speciosa⁴
684 762 827 799 materia,
848 761 967 802 insigne
993 761 1127 802 elogium
1153 765 1185 793 et
1211 762 1326 793 caritas
1355 762 1584 794 ardentissima.

79 819 215 858 Quorum
236 820 336 860 primo
357 822 492 859 gratum,
513 819 648 850 secundo
669 819 847 859 gratiorem,
867 819 1069 859 consequenti
1083 822 1115 850 te
1131 819 1341 859 gratissimum
1356 820 1528 851 ostendisti.
1549 820 1588 851 Et

77 877 160 918 quod
182 877 293 908 fortius
315 880 371 914 est,
392 876 526 907 amicum
549 877 649 908 fecisti
670 877 709 907 de
729 877 868 907 amicitia
889 877 1076 907 disserendo.
1098 878 1235 916 Agamus
1256 877 1353 917 igitur
1372 878 1404 908 in
1421 888 1489 908 eam
1511 888 1587 914 rem,

78 945 135 967 nec
155 934 322 972 abutendo,
344 944 400 965 nec
422 944 569 971 errorem,
589 944 682 974 quem
702 937 759 965 tua
779 935 882 974 tangit
895 934 1035 974 epistola,
1052 934 1195 965 incidisse
1210 934 1373 966 videamur
1392 935 1472 974 (sic).
1491 936 1586 975 Cujus

78 993 123 1024 rei
143 993 323 1024 fruitionem
343 1002 436 1032 super
457 991 598 1023 mortalis
620 992 690 1022 vitae
711 995 824 1022 cuncta
841 991 1102 1031 jucundissimum
1122 992 1238 1023 bonum
1257 1002 1376 1029 censeo,
1392 1002 1411 1023 a
1424 1002 1486 1032 quo
1507 993 1587 1023 bona

76 1053 198 1088 cuncta,
220 1053 384 1090 tamquam
404 1060 423 1080 a
445 1050 540 1086 fonte,
562 1050 703 1089 quamvis
724 1049 891 1089 procedere
913 1048 1089 1087 videantur,
1110 1052 1229 1086 tamen,
1245 1050 1271 1081 si
1284 1049 1371 1081 nullo
1385 1050 1456 1087 alio,
1471 1050 1585 1080 saltem

76 1117 117 1138 ne
137 1110 202 1138 tam
224 1117 337 1148 magna
359 1107 458 1138 virtus
476 1108 592 1148 jaceat,
614 1109 648 1137 ut
669 1106 790 1137 Seneca‘
808 1107 937 1146 placuit,
956 1107 1130 1137 exercenda
1145 1108 1225 1147 (sic).
1242 1107 1347 1138 Scribe
1362 1118 1435 1147 ergo
1457 1110 1488 1138 et
1507 1107 1585 1138 acci-

76 1165 152 1205 pies,
174 1165 200 1196 si
221 1165 316 1196 etiam
337 1168 465 1196 caeteras
486 1175 576 1195 curas
596 1168 776 1205 postergare
796 1165 952 1196 deberem.
976 1165 1051 1196 Vale
1068 1164 1210 1202 feliciter,
1225 1168 1258 1196 et
1270 1176 1321 1196 me
1334 1165 1471 1197 amicum
1485 1165 1586 1197 crede.

157 1223 241 1254 Tuus
261 1223 414 1253 Antonius
436 1223 474 1253 de
496 1222 685 1253 Barufl'aldis
705 1223 858 1263 physicus.

753 1446 918 1477 CXXXVI.

543 1522 840 1554 LEONARDUS
874 1522 1128 1553 ARETINUS

692 1597 821 1629 PETRO
842 1597 976 1629 PAULO

611 1682 745 1705 SALUTEM
769 1682 923 1704 PLURIMAM
945 1682 1021 1705 DICIT
1042 1675 1051 1690 ⁵

800 1751 822 1770 s.
841 1742 866 1769 d.

451 1803 538 1834 (Cod.
559 1814 645 1832 marc.
667 1815 693 1832 n.
714 1806 774 1831 286
794 1805 871 1833 della
891 1804 978 1833 XIV.
998 1806 1032 1833 cl.
1053 1806 1080 1839 l.⁷
1100 1815 1121 1832 r,
1146 1805 1216 1840 183)

158 1874 235 1906 Cum
252 1884 346 1915 saepe
359 1878 391 1906 et
406 1875 541 1906 multum
557 1875 596 1906 de
610 1875 761 1915 singulari
776 1879 807 1906 et
824 1876 938 1907 eximia
949 1876 1066 1907 virtute
1077 1878 1133 1907 tua
1144 1876 1380 1913 intellexissem,
1392 1877 1439 1907 vir
1450 1876 1590 1917 insignis,

75 1932 155 1963 nihil
173 1933 342 1973 jucundius
363 1937 419 1963 aut
440 1934 515 1964 meis
535 1933 662 1973 quidem
683 1934 794 1964 studiis
813 1934 1002 1965 commodius
1023 1934 1089 1964 fore
1110 1934 1247 1974 cognovi,
1269 1944 1364 1973 quam
1384 1936 1419 1964 ut
1438 1934 1590 1974 imprimis

74 1989 245 2020 amicitiam
267 1992 298 2021 et
318 1990 453 2030 gratiam
474 1993 563 2021 tuam
583 2000 797 2030 consequerer.
818 1991 935 2022 Tamen
949 1991 960 2008 ⁶
982 2001 1081 2031 usque
1095 1991 1128 2021 in
1142 1991 1327 2022 hodiernum
1344 2001 1440 2031 prope
1454 1991 1537 2022 diem
1553 1991 1590 2021 si-

88 2048 172 2078 entio
192 2048 338 2079 detentus
359 2057 436 2086 sum,
458 2058 519 2079 non
541 2048 623 2087 quod
645 2051 677 2079 te
699 2048 802 2079 minus
823 2049 976 2080 cariorem
997 2048 1172 2086 habuerim,
1187 2051 1244 2079 aut
1258 2049 1370 2080 minori
1386 2048 1419 2079 in
1432 2051 1465 2080 te
1479 2058 1585 2079 amore

75 2108 108 2136 et
127 2105 346 2136 benevolentia
366 2104 496 2136 affectus
516 2105 640 2142 fuerim,
660 2106 715 2136 sed
736 2116 776 2137 ne
797 2106 838 2136 ad
859 2107 961 2137 virum
982 2106 1180 2146 praeclarum
1195 2117 1233 2137 ac
1247 2106 1338 2146 longe
1352 2106 1487 2137 aliorum
1507 2106 1587 2146 peri-

74 2162 240 2200 tissimum,
260 2165 297 2193 ut
317 2173 414 2193 unum
435 2166 467 2194 te
488 2163 577 2194 video
598 2173 674 2201 esse,
696 2163 813 2203 primas
834 2164 866 2194 in
887 2163 1052 2195 scribendo
1073 2164 1253 2195 assumere⁷
1274 2166 1380 2204 partes
1401 2164 1589 2204 arrogantiae

74 2220 177 2260 potius
198 2230 293 2260 quam
314 2220 505 2252 humanitati
526 2221 756 2252 attribueretur
767 2222 785 2252 ³.
815 2222 875 2253 Sed
903 2224 1108 2261 posteaquam
1128 2223 1160 2252 te
1189 2221 1274 2261 apud
1291 2221 1588 2253 reverendissimum

75 2281 198 2318 patrem
212 2278 391 2310 dominum⁹
405 2281 549 2310 nostrum
559 2279 850 2310 commemoriarum
862 2280 989 2311 trahere
1001 2280 1077 2310 mihi
1090 2280 1309 2311 renuntiatum
1323 2279 1393 2317 fuit,
1404 2289 1589 2319 summaque

85 2355 93 2371 ¹
115 2355 198 2382 Guar.
218 2353 346 2382 intitola2
369 2353 491 2390 Maynoe
515 2354 610 2382 laudis
633 2363 666 2382 ac
687 2355 813 2383 scientia
860 2357 870 2373 ⁵
890 2355 1019 2390 Epistola
1041 2355 1178 2384 Leouardi
1202 2355 1311 2383 Aretini
1335 2355 1364 2383 in
1391 2363 1447 2390 qua
1471 2355 1588 2383 amicum

101 2399 364 2434 jzcvenifmayistro
374 2399 462 2427 Petro
474 2398 569 2427 Paulo
578 2398 612 2427 de
621 2398 810 2435 chstinopoli,
883 2404 962 2435 rogat
981 2402 1012 2428 ut
1031 2409 1092 2428 eum
1113 2399 1250 2435 suscipiat
1268 2401 1297 2428 in
1316 2399 1443 2428 amicum.

109 2443 247 2478 mayistro
266 2443 298 2470 in
316 2444 427 2472 artibus
445 2445 471 2471 et
490 2444 519 2471 ιή
536 2443 678 2471 medicina
693 2444 813 2479 erudito,
861 2447 871 2461 ·“·
892 2445 976 2473 Marc.
997 2446 1027 2472 tec
1046 2453 1094 2480 per
1115 2446 1209 2473 tamen

108 2489 199 2516 amico
218 2488 375 2516 carissimo.
862 2491 872 2507 ⁷
893 2490 976 2517 Marc.
996 2497 1146 2517 assumens

86 2535 96 2551 ²
116 2534 199 2561 Gnar.
218 2535 354 2562 maturus
862 2536 872 2551 s
893 2533 976 2562 Marc.
995 2534 1190 2561 attribuentur

86 2579 97 2596 ³
117 2580 174 2606 tuae
193 2578 254 2606 scil.
273 2581 342 2606 sunt
863 2580 874 2596 ⁹
892 2579 975 2607 Marc.
996 2579 1153 2612 domimum,
1172 2579 1317 2607 dominum

85 2625 95 2641 ⁴
116 2624 198 2652 Guar.
219 2626 284 2652 tuae
301 2625 425 2659 speciosa
