1845 3076
780 169 917 193 musrons
1543 159 1600 190 193

791 328 909 360 CXXV.

353 403 568 435 NICOLAO
600 403 660 433 DE
692 402 975 434 LEONARDIS
1006 402 1226 434 PHISICO'
1256 401 1284 433 S.
1315 401 1350 433 D.

601 486 737 509 BONONIAE
759 486 787 508 vi
809 485 878 508 uon.
901 485 995 508 MAJAS
1016 477 1101 508 1390.

417 553 484 590 (Br.
498 563 529 589 p.
551 554 594 587 9.,·
616 570 647 573 -
672 552 706 581 G.
726 554 774 581 76¹.
795 569 826 573 —
846 552 919 580 PM.
939 560 960 580 c.
979 552 1027 579 70.
1049 568 1079 572 —
1100 552 1163 580 ΡΡ.
1184 560 1211 580 n.
1230 552 1280 587 8.).

169 624 290 666 Urgent
310 628 342 656 te
363 624 509 665 plurima,
530 623 629 655 amice
649 623 807 654 carissime
818 623 839 660 ²,
860 623 885 653 si
906 623 1029 653 cautius
1051 622 1198 659 advertis,
1220 622 1261 653 ad
1281 621 1434 653 curiosius
1461 621 1604 661 frequen-

88 683 223 714 tandum
244 682 362 722 atque³
382 682 485 713 acrius
505 680 756 721 prosequendum
776 679 872 711 studii
897 679 944 710 tui
972 689 1106 710 enisum.
1131 678 1206 716 Quae
1234 679 1293 711 etsi
1322 679 1419 710 menti
1448 683 1510 710 tuse
1538 689 1600 710 non

89 739 253 772 dubitem⁴
275 739 444 771 continue⁵
464 739 527 769 sint
547 737 654 775 infixa,
675 747 714 769 ea
733 741 840 768 tamen
862 738 967 767 nunc⁰
987 746 1196 768 rememorare
1211 746 1274 767 non
1289 736 1384 776 piget.
1405 736 1526 767 Omissa
1543 736 1605 776 pri-

88 807 175 828 mum
196 796 344 838 genitoris
365 795 413 826 tui
434 798 466 827 et
486 795 621 826 fratrum
642 797 767 826 tuorum
780 794 986 826 celeberrima
1000 794 1093 829 fama,
1109 803 1146 825 ac
1163 793 1406 833 praeclarissimis
1422 793 1601 830 virtutibus,

89 864 160 895 quae
180 864 242 885 non
264 863 378 894 parvus
399 852 458 884 tibi
480 853 628 885 stimulus
649 862 715 884 esse
736 852 884 889 ‹lebent⁷,
908 861 945 883 ea
964 851 1064 882 solum
1085 861 1155 891 quae
1176 854 1207 882 te
1233 850 1378 891 proprius
1406 861 1443 881 ac
1471 851 1605 881 interius

90 913 237 952 pungunt
256 911 386 951 attingo.
408 910 495 942 Senis
516 911 625 942 urbem
648 909 773 950 quidem
794 910 959 940 formosam
971 910 991 947 ⁸,
1013 909 1146 940 maturis
1165 908 1344 940 doctoribus
1358 911 1390 939 et
1403 918 1466 939 non
1481 907 1602 939 acerbis

90 968 283 1000 scholaribus
303 967 496 1008 opulentam,
518 971 573 999 tuo
593 967 691 999 ductu
702 968 712 983 ς’
734 970 766 998 et
787 967 849 998 tuis
871 967 1015 1006 auspiciis
1036 966 1150 997 adiisti.
1172 965 1239 1004 Quo
1261 968 1416 1005 quantum
1441 965 1500 996 tibi
1524 974 1604 996 onus

90 1025 303 1065 assumpseris,
324 1025 390 1066 ipse
412 1025 505 1063 vides,
527 1025 581 1065 qui
602 1025 668 1056 haec
689 1035 752 1055 non
772 1024 900 1065 ignarus
921 1024 1106 1054 consideras.
1125 1023 1195 1054 Tibi
1209 1023 1302 1060 enim,
1317 1022 1376 1053 tibi
1393 1022 1450 1054 soli
1464 1023 1494 1060 ¹⁰,
1507 1022 1606 1053 studii

91 1083 138 1114 tui
160 1083 262 1113 exitus
283 1083 444 1122 incumbit,
467 1085 507 1120 et,
539 1082 679 1122 quisquis
709 1081 818 1122 culpae,
839 1081 923 1121 quod
944 1081 1034 1118 absit,
1056 1083 1113 1111 aut
1136 1080 1238 1111 laudis
1260 1080 1330 1111 finis
1351 1079 1523 1115 emerserit,
1543 1079 1600 1110 soli

90 1139 150 1172 tibi
171 1150 228 1180 per
247 1140 306 1171 hoc
326 1140 487 1180 proprium
510 1139 645 1171 effecisti.
669 1139 850 1176 Bononiam,
872 1140 1002 1179 antiquo
1022 1138 1117 1169 studii
1137 1138 1260 1169 nomine
1275 1138 1403 1174 claram,
1418 1147 1603 1177 germanum

91 1199 195 1235 tuum,
216 1197 470 1238 philosophorum
491 1197 662 1237 Speculum,
682 1207 718 1227 ac
740 1196 914 1235 complures
935 1195 1012 1227 alios
1033 1195 1306 1227 excellentissimos
1324 1195 1474 1232 doctores,
1490 1198 1525 1225 ut
1538 1205 1607 1235 pro-

97 1255 234 1295 positum
262 1258 362 1294 tuum,
388 1255 503 1286 bonum
529 1254 614 1285 haud
642 1254 746 1291 dubie,
774 1254 948 1294 perficeres,
975 1253 1127 1293 refugisti,
1153 1264 1215 1284 non
1242 1253 1404 1283 inferiores
1424 1253 1533 1292 utique
1555 1254 1608 1291 (ut

94 1321 220 1343 causam
244 1315 331 1343 tuam
353 1312 523 1351 aliquando
545 1312 690 1351 adjuvem
702 1313 736 1351 ¹¹)
754 1314 890 1342 secutus.
906 1310 971 1342 Hoc
986 1314 1102 1347 tamen,
1119 1321 1233 1342 novum
1249 1310 1332 1350 quod
1348 1310 1448 1349 primo
1461 1310 1605 1340 omnibus

92 1369 192 1400 visum
215 1372 263 1400 est
285 1372 316 1400 et
337 1369 475 1409 quadam
489 1370 510 1386 ¹²
531 1369 627 1400 animi
648 1369 776 1400 levitate
796 1368 922 1408 prodire
946 1368 1133 1408 judicatum,
1153 1367 1349 1407 postmodum
1379 1377 1451 1398 vero
1478 1367 1518 1398 ab
1547 1366 1606 1404 his,

91 1426 146 1466 qui
168 1426 293 1467 elegans
315 1427 507 1467 propositum
528 1430 619 1457 tuum
641 1429 766 1463 norunt,
788 1426 958 1466 plurimum
980 1426 1242 1456 commendatum.
1263 1425 1362 1455 Addit
1381 1424 1510 1464 insuper
1528 1433 1607 1455 onus

91 1482 150 1514 tibi
172 1494 289 1522 eorum,
310 1494 386 1524 quos
407 1484 498 1515 inodo
518 1483 593 1521 dixi,
614 1483 838 1524 praeclarorum
859 1483 995 1514 virorum
1017 1483 1186 1514 domestica
1207 1482 1391 1519 observatio,
1410 1482 1535 1522 quibus,
1548 1481 1606 1512 etsi

91 1540 176 1579 velis,
198 1551 306 1573 carere
327 1552 389 1573 non
410 1541 516 1581 possis.
538 1541 662 1572 Adsunt
683 1541 830 1572 continue
852 1541 906 1581 qui
929 1544 959 1571 et
980 1541 1134 1571 virtuosos
1147 1540 1167 1557 ¹³
1182 1543 1214 1571 et
1228 1539 1423 1577 scientificos,
1438 1539 1547 1579 quales
1565 1539 1607 1570 ad

91 1610 144 1632 eos
164 1602 295 1641 spectat,
317 1602 406 1631 actus
427 1602 583 1637 exercent,
596 1599 717 1639 legunt,
740 1600 912 1639 disputant,
934 1602 965 1631 et
986 1599 1174 1639 questiones,
1196 1609 1265 1639 quae
1288 1601 1355 1629 tum
1377 1608 1483 1629 rerum
1508 1598 1606 1629 varie-

91 1660 201 1695 tatem,
222 1661 291 1689 tum
313 1658 384 1689 vitae
406 1657 601 1689 honestatem
622 1660 766 1697 tangunt,
781 1657 892 1688 sedula
907 1657 1073 1688 collatione
1088 1659 1293 1696 pertractant.
1311 1656 1417 1687 Vitam
1435 1655 1605 1693 innoxiam,

90 1725 194 1747 mores
215 1716 354 1756 egregios
375 1715 495 1753 omitto,
517 1715 632 1755 quibus
653 1725 747 1755 quam
766 1715 858 1755 longe
879 1715 956 1746 alios
977 1715 1179 1751 antecellant,
1195 1714 1390 1745 notissimum
1405 1716 1459 1744 est.
1482 1713 1607 1744 Talium

94 1783 168 1813 ergo
189 1773 338 1813 exemplis
358 1782 390 1804 se
411 1772 606 1803 conformare
619 1773 639 1789 ¹⁴
662 1775 694 1803 et
713 1772 746 1803 in
767 1772 866 1803 dies¹⁵
887 1772 1046 1803 meliorem
1067 1782 1099 1803 se
1125 1772 1194 1802 fieri
1222 1781 1479 1811 unumquemque
1507 1771 1607 1802 decet.

94 1830 169 1861 Haec
188 1840 250 1862 non
272 1840 349 1870 opus
361 1830 382 1847 ¹⁶
403 1829 512 1869 procul
532 1830 703 1870 perquiras.
727 1829 865 1861 Adstant
885 1830 1002 1866 sedulo,
1025 1833 1057 1861 et
1084 1830 1177 1861 horas
1205 1839 1277 1860 suas
1303 1829 1336 1859 in
1363 1828 1411 1859 his
1439 1838 1509 1869 quae
1538 1828 1603 1859 dixi

91 1888 224 1928 negotiis
246 1897 309 1918 non
327 1887 422 1919 otiose
439 1890 635 1918 consumunt.
650 1888 718 1918 Hoc
732 1890 839 1918 autem
854 1888 965 1927 quanti
977 1888 997 1904 ¹⁷
1014 1888 1071 1919 tibi
1086 1887 1127 1918 sit
1141 1887 1242 1918 oneris
1258 1889 1362 1918 tecum
1378 1896 1481 1927 pensa.
1496 1886 1607 1926 Adjice

92 1944 222 1984 insuper
238 1947 392 1984 quantum
407 1944 512 1975 conari
527 1943 651 1982 debeas,
664 1948 701 1975 ut
714 1944 948 1975 detrahentium
963 1944 1155 1981 aemulorum,
1167 1944 1282 1984 quibus
1295 1944 1361 1975 sola
1372 1945 1460 1975 caret
1471 1943 1606 1983 ignavia,

91 2001 217 2042 linguas
238 2001 404 2041 opprimas.
426 2001 543 2033 Dicunt
565 2001 657 2039 enim,
678 2002 704 2032 si
725 2002 832 2039 nescis,
854 2002 1026 2033 Bononiam
1046 2002 1111 2033 alto
1129 2004 1184 2033 tuo
1203 2002 1327 2042 ingenio
1344 2000 1485 2033 sufficere
1501 2001 1609 2041 nequi-

90 2058 168 2090 visse
180 2058 211 2096 ¹⁸,
232 2068 327 2090 novas
349 2069 405 2099 pro
426 2061 458 2090 te
480 2059 706 2090 construendas
721 2059 863 2097 athenas,
880 2069 959 2090 nova
973 2060 1144 2100 gymnasia,
1161 2069 1230 2099 quae
1246 2059 1399 2098 condigna
1412 2058 1476 2089 tuis
1493 2057 1608 2098 vigiliis

100 2144 109 2161 ¹
129 2142 162 2171 G.
175 2142 354 2177 Perspicctcis
368 2143 519 2171 industriae
538 2144 607 2177 viro,
621 2143 758 2178 nzayistro
774 2143 808 2171 N
809 2144 829 2171 i·
865 2145 886 2161 ¹0
905 2144 966 2171 Cosi
987 2143 1017 2172 G.
1039 2143 1084 2171 Gli
1103 2143 1169 2171 altri
1190 2143 1239 2170 tibi
1257 2143 1333 2171 enirn
1352 2143 1407 2171 soli

123 2187 202 2215 colao
216 2187 249 2214 cle
262 2187 415 2222 Ferraria,
430 2187 514 2215 Senis
531 2187 666 2221 studenti,
679 2188 771 2216 (lazico
783 2196 826 2216 cu-
865 2190 882 2206 ¹¹
905 2188 969 2215 Cosi
989 2189 1021 2216 G.
1036 2187 1080 2215 Gli
1095 2188 1159 2216 altri
1175 2187 1334 2222 inferiores,
1348 2188 1380 2214 uc
1392 2196 1507 2215 emisam
1529 2189 1609 2215 tuum

122 2231 239 2260 rissimo
903 2233 1078 2267 adiuvarent

100 2277 112 2294 ²
130 2275 157 2304 11
177 2276 237 2304 solo
258 2276 290 2305 G.
309 2277 453 2313 aggiunge
472 2277 622 2305 carissime
870 2279 889 2294 ¹-'
909 2278 994 2304 Souna
1014 2277 1059 2304 l'a
1078 2277 1122 2304 nel
1142 2278 1163 2303 G
1196 2276 1307 2303 dinanzi
1326 2276 1350 2303 a!
1373 2276 1497 2311 quadam

101 2321 112 2338 3
131 2322 163 2349 G.
183 2330 216 2349 ac
235 2329 283 2356 per
302 2323 388 2356 atque
867 2324 888 2339 ¹³
907 2322 1216 2350 ‹÷.Aclsmztconti11ue
1230 2324 1255 2349 et
1272 2323 1416 2349 virtuosos
1431 2337 1460 2340 Α
1476 2321 1609 2348 sominae

99 2367 110 2384 ⁴
131 2366 162 2394 G.
182 2365 279 2393 dubito
903 2369 984 2394 aclzrs

99 2411 111 2429 ⁵
129 2410 154 2438 Il
175 2410 234 2438 solo
253 2410 285 2439 G.
305 2411 448 2447 aggiungc
466 2411 602 2439 continue
865 2413 885 2429 ¹⁴
906 2411 970 2439 Cosi
991 2411 1022 2438 G.
1044 2411 1089 2438 Gli
1110 2410 1174 2438 altri
1194 2410 1368 2444 confirmare

99 2455 110 2472 ⁶
129 2453 156 2482 Il
173 2454 232 2482 solo
251 2454 283 2482 G.
303 2454 446 2491 aggiunge
466 2463 543 2483 >cunc
867 2457 889 2473 ¹⁵
907 2455 970 2483 Cosi
990 2455 1011 2482 il
1031 2456 1089 2483 solo
1110 2456 1142 2483 G.

98 2500 109 2517 ⁷
129 2498 192 2526 Cosi
220 2498 251 2528 G.
281 2498 327 2526 Gli
354 2499 420 2527 altri
444 2499 579 2527 stimulus
603 2500 653 2527 tibi
675 2508 733 2528 esse
756 2502 830 2528 certe
866 2501 888 2518 ¹⁶
907 2500 969 2528 Cosi
991 2500 1022 2528 G.
1042 2499 1087 2527 Gli
1106 2499 1172 2527 altri
1192 2499 1268 2527 enim
1287 2501 1399 2534 oportet

123 2543 222 2571 debent
867 2545 888 2563 ¹⁷
908 2544 972 2572 Cosi
992 2544 1024 2572 G.
1044 2544 1089 2572 Gli
1110 2543 1174 2571 altri
1194 2545 1336 2579 quemdum

101 2588 112 2606 ⁸
130 2588 193 2616 Cosi
212 2587 243 2615 G.
264 2587 310 2615 Gli
329 2588 395 2616 altri
413 2588 529 2617 Bonam
549 2589 646 2617 urbem
665 2598 698 2617 ac
870 2590 891 2607 ¹⁸
910 2589 941 2617 G.
962 2590 1091 2624 nequisse

99 2633 110 2650 ⁹
129 2632 175 2660 Br.
194 2640 259 2667 pare
279 2634 305 2660 el
324 2634 372 2660 tuo
390 2632 477 2661 ductu

1484 2685 1518 2712 εὴ
