1845 3076
260 161 299 191 56
892 166 918 188 P.
939 166 964 188 P.
987 164 1135 187 VERGEmo

260 251 330 283 tolli
351 250 526 290 oportebat,
553 249 655 280 iturus
680 251 757 286 erat,
786 249 939 289 cujusque
966 248 1057 279 utili¹
1085 258 1180 288 opera
1207 257 1280 279 usus
1301 247 1379 278 alias
1400 257 1494 278 eram.
1518 247 1657 288 Cumque
1679 248 1762 279 enim

257 309 405 348 suspicor,
433 307 555 347 integre
582 306 733 337 desiderio
759 308 814 337 tuo
842 305 1046 343 satisfactum,
1071 305 1200 346 jamque
1228 305 1346 336 dudum
1371 304 1448 336 vites
1470 305 1510 335 ad
1531 307 1562 336 te
1584 305 1713 343 delatas,
1734 306 1761 336 is

257 365 352 396 rediit
371 374 455 401 rure,
485 367 516 395 et
537 363 661 404 longam
689 363 791 394 nescio
812 372 907 402 quam
935 363 1074 393 fabulam
1096 363 1182 393 texit.
1205 362 1261 394 Cui
1281 364 1350 402 post
1370 362 1438 400 hac,
1459 372 1517 393 nec
1538 372 1607 393 cum
1634 363 1763 402 pignore

259 423 395 464 quidem,
416 421 595 452 crediturus
610 431 688 459 sum,
703 424 767 452 tam
782 431 862 452 nova
876 423 1060 458 commenta,
1081 423 1208 460 tamque
1221 420 1448 451 inestricabiles
1469 419 1615 460 ambages
1636 419 1762 450 effinxit.

259 480 306 511 Tu
319 479 397 517 vale,
412 481 453 515 et,
468 478 493 508 si
509 477 585 518 quid
598 478 631 508 in
646 478 704 509 hac
718 488 761 515 re,
783 481 838 509 aut
854 477 1046 518 negligentia
1068 480 1123 508 aut
1138 480 1221 508 certe
1243 477 1340 508 nimia
1354 476 1552 514 credulitate,
1574 476 1741 507 admissum
1752 476 1763 492 ²

259 540 319 574 est,
340 537 381 567 da
402 535 533 567 veniam.

935 806 1092 837 XXXVII.

527 898 838 931 SPECTATISSIMO
860 898 956 929 VIRO
978 898 1186 930 LUDOVfflo
1209 898 1501 931 BUZACCARENO

886 982 905 1003 X
927 982 995 1004 ΚΑΒ.
1015 982 1139 1005 AUGUSTI

644 1048 723 1087 (PP.
746 1060 772 1079 ll.
793 1050 866 1083 136;
886 1065 918 1068 —
940 1049 976 1076 da
994 1049 1051 1077 cod.
1072 1049 1116 1076 <lei
1136 1049 1198 1077 PP.
1219 1049 1392 1084 Riformtzti)

341 1140 476 1171 Facilius
497 1142 528 1170 te
550 1140 654 1179 patiar
667 1149 705 1170 ex
720 1139 821 1170 multa
843 1137 1060 1169 benevolentia,
1082 1147 1187 1168 errare
1208 1137 1246 1168 de
1262 1147 1320 1175 1116,
1342 1147 1436 1177 quam
1458 1138 1553 1168 vera3
1574 1137 1689 1169 sentire
1704 1147 1766 1169 non

260 1200 462 1233 annuentem,
484 1207 546 1227 non
564 1196 691 1236 quidem
713 1195 795 1235 quod
818 1205 924 1226 errare
946 1197 1003 1225 aut
1022 1195 1055 1224 10
1076 1204 1124 1225 1116
1147 1197 1203 1225 aut
1223 1195 1253 1225 in
1282 1205 1316 1225 re
1336 1195 1403 1225 ulla
1423 1197 1455 1226 te
1476 1195 1598 1232 vellem,
1619 1194 1673 1226 sed
1686 1195 1770 1235 quod

261 1255 343 1286 tanti
364 1254 440 1285 mihi
461 1256 507 1284 est
522 1253 660 1284 amicitia
681 1255 746 1291 tua,
768 1255 804 1283 ut
825 1252 947 1292 quidvis
970 1252 1082 1292 patiar,
1105 1251 1178 1282 (lum
1195 1252 1253 1282 tibi
1276 1252 1394 1283 amicus
1414 1252 1480 1282 5101.
1502 1251 1542 1282 Et
1555 1251 1681 1292 quidem
1698 1262 1769 1283 eum

263 1312 420 1347 honorem,
448 1321 541 1350 quem
569 1310 700 1350 epistola
720 1313 777 1341 tua
804 1309 973 1349 plurimum
1001 1309 1115 1339 detulit
1136 1319 1249 1349 parum
1274 1309 1351 1340 mihi
1378 1310 1543 1341 convenire
1570 1312 1673 1340 certus
1693 1319 1770 1341 sum.

262 1369 373 1409 Neque
394 1379 443 1400 me
468 1368 561 1406 fallit,
581 1369 636 1408 qui
657 1368 771 1399 multos
792 1367 878 1405 solet,
908 1377 994 1397 amor
1015 1366 1168 1406 proprius,
1191 1370 1256 1404 aut,
1278 1377 1360 1407 quae
1382 1367 1492 1398 fallere
1514 1376 1769 1407 unumquemque

260 1429 373 1466 posset,
394 1426 625 1466 elegscmi‘lsse'ma
646 1426 743 1456 oratio
767 1427 829 1455 tna.
853 1424 898 1454 Ex
913 1426 1020 1463 quote
1043 1434 1161 1461 moneo,
1183 1434 1222 1455 ne
1237 1424 1302 1464 ipse
1323 1434 1448 1464 quoque
1468 1425 1502 1454 in
1523 1425 1581 1456 hoc
1601 1425 1772 1456 certamine

262 1493 419 1523 provocer,
441 1483 598 1514 abstinere
619 1486 689 1522 post
710 1482 776 1512 hac.
799 1481 830 1511 Si
851 1481 933 1512 60101
955 1481 1186 1512 contentionem
1207 1481 1289 1512 hanc
1308 1481 1477 1519 inierimus,
1499 1492 1596 1522 quum
1617 1481 1772 1522 1011111110-

261 1541 341 1571 rima
362 1540 484 1571 subsint
506 1550 586 1580 quae
608 1539 710 1570 dicere
731 1539 770 1570 de
792 1542 823 1570 te
844 1538 1010 1579 magnifica
1030 1548 1165 1578 possum,
1186 1541 1284 1578 tuque
1306 1549 1344 1570 ex
1365 1539 1565 1570 humanitate
1587 1541 1619 1570 et
1638 1539 1768 1571 benevo-

261 1598 360 1629 lentia
381 1598 481 1628 multa
502 1598 540 1628 de
562 1608 611 1628 me
632 1597 817 1636 conceperis,
839 1607 900 1627 non
922 1597 981 1626 erit
1007 1596 1079 1626 huic
1099 1596 1323 1627 concertationi
1343 1596 1353 1613 ⁴
1381 1596 1497 1627 modus.
1524 1597 1567 1627 At
1588 1607 1625 1627 ea
1646 1597 1771 1628 demum

265 1658 312 1686 est
332 1656 415 1686 inter
437 1655 550 1685 amicos
578 1654 712 1694 gloriosa
741 1653 908 1690 6011160110,
930 1656 974 1691 ut,
1002 1664 1100 1693 quum
1122 1653 1160 1684 de
1182 1653 1339 1693 probitate
1361 1656 1393 1684 et
1413 1653 1501 1685 bonis
1526 1653 1636 1684 studiis
1657 1655 1770 1694 agitur,

262 1723 353 1743 nemo
374 1713 414 1742 sit
434 1712 497 1751 qui,
520 1714 576 1742 aut
598 1722 702 1742 amore
724 1713 780 1742 aut
801 1721 838 1741 ea
859 1720 940 1750 quae
961 1710 1027 1751 sola
1048 1713 1094 1741 est
1116 1711 1181 1741 veri
1202 1711 1315 1742 amoris
1337 1721 1441 1748 causa,
1462 1710 1640 1742 inferiorem
1661 1721 1693 1742 se
1713 1712 1772 1742 vir-

262 1772 331 1801 tute
352 1770 501 1809 patiatur.
524 1768 554 1800 Si
568 1769 664 1809 igitur
685 1768 818 1799 amicum
834 1778 881 1798 1116
897 1768 994 1798 habes
1014 1770 1046 1798 et
1066 1767 1111 1798 ita
1132 1768 1298 1805 existimas,
1315 1787 1353 1791 —
1367 1768 1449 1808 quod
1471 1771 1656 1808 assequutus
1676 1768 1770 1809 plane

262 1827 339 1857 mihi
360 1827 475 1863 videor,
489 1845 527 1848 —
542 1826 618 1866 quid
643 1828 689 1857 est
710 1825 792 1865 quod
814 1825 944 1865 epistola
959 1828 1024 1862 tua,
1045 1828 1111 1856 tam
1132 1826 1268 1866 insignis,
1290 1828 1452 1856 vereretur
1472 1826 1554 1856 lares
1568 1836 1652 1857 meos
1672 1825 1768 1864 adire,

262 1884 405 1915 manibus
428 1884 504 1914 111615
525 1883 640 1914 exsolvi
651 1884 671 1921 ⁵,
697 1893 733 1914 ac
747 1886 816 1922 post
829 1883 964 1913 derisum
980 1893 1019 1913 ne
1040 1893 1188 1922 praeceps
1210 1883 1337 1914 tandem
1352 1883 1539 1923 ejiceretur?
1560 1883 1640 1924 Ergo
1654 1883 1699 1914 ita
1714 1886 1771 1915 aut

263 1941 348 1972 dete
367 1940 523 1981 judicasti,
545 1951 564 1971 a
581 1951 641 1980 quo
662 1940 741 1970 nihil
756 1940 814 1970 nisi
835 1939 1032 1979 praeclarum
1052 1940 1176 1979 prodire
1197 1943 1308 1980 potest,
1328 1943 1385 1972 aut
1398 1940 1436 1972 de
1451 1951 1512 1978 1116,
1532 1951 1625 1981 (1116111
1645 1943 1768 1972 mutum

262 1998 438 2035 arbitraris,
461 2001 495 2028 ut
515 1997 554 2029 de
569 1998 646 2028 actis
667 1997 820 2037 factisque
845 1997 906 2028 tuis
920 1997 1082 2028 humiliter
1102 1997 1217 2028 sentire
1238 2008 1370 2038 possum.
1393 1998 1533 2029 Primum
1554 1999 1640 2035 scito,
1661 2008 1699 2029 ea
1719 2008 1768 2029 me

262 2055 324 2086 fide
339 2058 435 2095 atque
448 2055 631 2095 integritate
651 2054 822 2086 amicitiam
837 2054 946 2091 colere,
969 2056 1005 2084 ut
1016 2055 1027 2071 ⁶
1045 2055 1216 2085 amicorum
1231 2056 1335 2086 onmia
1348 2055 1576 2095 magnifiaciam,
1598 2074 1636 2078 —
1657 2055 1770 2087 deinde

264 2123 300 2144 60
318 2113 435 2153 judicio
457 2112 610 2143 amicitias
637 2112 716 2143 inire
736 2112 834 2142 solere
856 2112 953 2152 (quod
981 2112 1100 2142 dictum
1122 2112 1319 2152 arrogantiae
1348 2113 1499 2152 scriptan
1520 2112 1640 2153 nolim),
1667 2115 1704 2144 ut
1723 2122 1772 2145 eos

263 2170 342 2201 solos
364 2170 477 2200 amicos
498 2170 608 2206 dicam,
630 2170 683 2208 qui
701 2179 762 2199 non
782 2169 845 2200 uisi
863 2179 979 2209 magyna
1000 2170 1131 2208 faciant.
1153 2170 1311 2210 Maynum
1331 2173 1377 2201 est
1395 2180 1480 2201 omne
1500 2170 1579 2210 quod
1599 2171 1710 2202 virtute
1729 2170 1769 2209 fit

264 2229 321 2258 aut
339 2227 488 2263 doctrina,
504 2237 557 2258 nec
578 2227 644 2258 siue
656 2226 704 2257 lce's
718 2228 820 2266 110163ιέ
840 2227 987 2265 qnequm‘d
1002 2237 1148 2267 mci-(sumn
1169 2237 1232 2258 esse
1245 2227 1292 2258 vel
1305 2228 1513 2267 praeclarum.
1536 2227 1671 2259 Divitiae
1686 2228 1769 2260 enim

264 2286 296 2314 et
316 2284 457 2323 potentia
485 2294 521 2314 ac
549 2286 684 2320 caetera,
713 2283 826 2314 talium
852 2284 998 2314 fortunae
1026 2284 1117 2321 dona,
1144 2284 1211 2321 etsi,
1238 2284 1448 2315 multitudinis
1474 2285 1618 2316 indoctae
1640 2286 1768 2326 judicio,

262 2341 390 2372 summis
410 2341 660 2372 adnumerentur
673 2340 772 2378 bonis,
793 2341 886 2371 immo
907 2351 979 2372 vero
1000 2341 1065 2372 sola
1084 2341 1166 2372 bona
1193 2342 1373 2379 credantur,
1395 2352 1466 2373 vere
1481 2344 1587 2373 tamen
1601 2342 1680 2373 nihil
1693 2345 1768 2375 sunt

260 2398 301 2429 ad
322 2398 481 2429 virtutem.
510 2397 597 2436 Quae
618 2398 754 2438 quidem,
783 2398 809 2428 si
829 2398 917 2429 bonis
944 2398 1075 2438 ingeniis
1103 2398 1301 2438 adplicentur
1322 2399 1371 2430 vel
1392 2399 1553 2437 accedant,
1581 2402 1766 2431 ornamenta

272 2510 279 2526 ¹
301 2509 362 2537 Cosi
383 2509 452 2543 PM,
472 2510 516 2537 ΒΓ.
532 2518 545 2537 6
564 2509 638 2538 PR:
657 2509 741 2537 szcbli.
761 2508 841 2538 Altro
855 2508 946 2537 codice
959 2509 995 2536 ci·
1044 2510 1055 2527 ⁴
1074 2510 1128 2538 PP.
1148 2509 1367 2538 concertationis

295 2553 353 2582 tato
373 2554 408 2581 da
426 2554 504 2583 PM:
526 2554 599 2581 1521in
1042 2555 1053 2571 ⁵
1071 2554 1127 2582 PP.
1146 2554 1247 2582 adire?
1266 2553 1406 2582 Manibus
1426 2555 1494 2583 meis
1513 2554 1610 2583 excolui

271 2598 282 2615 ²
300 2597 478 2633 Admissum,
497 2606 646 2626 commesso
1043 2600 1053 2617 ⁶
1072 2599 1128 2627 PP⁴
1148 2601 1174 2627 et
1192 2607 1240 2634 per
1260 2600 1293 2626 ut

269 2642 280 2659 ³
299 2642 353 2671 PP.
374 2650 437 2670 vere
