1845 3076
244 173 283 204 68
877 181 903 203 P.
925 169 954 203 Ρξ
974 180 1123 203 VERoEmo

243 264 371 304 optimis
393 266 490 304 atque
511 264 661 304 exemplis
683 263 858 301 uberrimis,
891 273 930 295 ex
952 264 1036 295 omni
1056 274 1169 304 graeca
1194 265 1357 304 latinaque
1384 265 1515 296 historia
1534 265 1682 303 collectis,
1710 276 1756 297 re—

244 321 447 352 dundantem.
468 321 605 352 Miratus
626 331 694 351 sum
715 321 747 351 in
769 331 804 352 eo
825 331 918 361 opere
938 321 996 351 viri
1017 321 1111 362 hujus
1128 322 1134 338 ¹
1157 331 1218 352 non
1239 324 1305 352 tam
1326 322 1485 362 ingenium
1511 333 1606 362 quam
1627 322 1756 363 diligen-

245 378 331 409 tiam.
354 377 437 409 Nam
458 378 537 409 illud
551 377 678 418 quidem
695 378 892 418 jamdudum,
914 380 1108 409 monstrante
1124 378 1200 408 mihi
1221 378 1295 409 olim
1307 378 1318 396 ²
1338 378 1507 410 clarissimo
1527 379 1592 410 viro
1607 378 1756 411 Zacharia

245 435 408 466 Trivisano
440 435 599 474 quandam
621 435 715 474 ipsius
738 435 911 475 epistolam,
942 435 1068 466 tametsi
1098 435 1293 475 negligenter
1308 436 1319 452 ³
1345 438 1381 466 ut
1402 439 1471 467 erat
1493 439 1523 467 et
1545 436 1662 476 absque
1690 436 1755 467 ullo

248 492 352 523 studio
372 492 579 532 conscriptam
594 492 604 509 ‘¹
627 492 716 522 facile
742 492 944 532 deprehendi.
976 492 1065 531 Quod
1084 502 1157 523 vero
1182 503 1267 523 nunc
1287 493 1325 523 (le
1347 503 1381 524 re
1403 493 1513 524 uxoria
1534 495 1600 524 tam
1630 493 1755 525 erudite

245 549 429 589 copioseque
446 549 789 590 juvenisdnexpffltus
804 550 814 566 5
841 549 1034 589 nuptiarum,
1064 549 1234 589 scripserit,
1265 549 1359 589 idque
1382 552 1447 580 tam
1468 550 1548 580 bene
1575 550 1652 581 sciat
1673 551 1755 590 quod

247 607 345 638 nescit
359 606 418 637 hoc
432 608 481 638 cst
494 606 577 646 quod
593 616 649 646 ego
664 617 726 637 non
737 617 924 647 magnopere
939 607 1089 637 admirari
1104 617 1165 637 non
1180 607 1277 646 potui.
1296 607 1406 647 Itaque
1417 607 1484 647 jam
1499 607 1591 647 plane
1608 617 1755 647 graecum

246 663 437 695 excellenter
458 666 564 695 autem
592 664 727 695 latinum
755 673 846 696 nemo
870 664 998 704 negabit
1024 674 1093 694 eum
1105 664 1124 700 ⁶,
1147 665 1223 704 qui⁷
1242 665 1288 695 ita
1310 664 1385 695 dicit
1407 667 1439 695 et
1459 665 1541 704 sapit
1553 664 1571 695 ⁸.
1595 665 1755 696 Barbarus

249 724 359 752 autem
380 721 479 752 videri
501 721 588 752 nullo
614 721 703 752 modo
728 722 853 761 poterit,
875 722 929 761 qui
949 721 1121 752 barbarum
1135 722 1145 737 ⁹
1166 721 1245 752 nihil
1265 721 1360 752 sentit
1381 724 1438 752 aut
1457 724 1554 752 sonat.
1579 722 1617 752 Et
1633 722 1755 753 utinam

245 780 373 809 caetera
392 777 555 809 barbaries
575 778 620 809 ita
641 779 681 809 sit
701 778 858 809 barbara!
888 778 1054 809 Caeterum
1075 781 1107 809 te
1124 778 1144 794 ¹⁰
1172 788 1234 809 non
1255 788 1368 818 parum
1389 788 1509 816 accuso,
1532 778 1615 818 quod
1631 780 1650 796 11
1678 779 1756 810 nihil

245 835 284 866 de
304 834 411 866 libello
431 835 490 866 isto
510 835 702 875 significasti,
722 846 821 875 quum
840 838 882 872 te,
904 836 959 875 qui
981 845 1080 866 comes
1101 845 1169 866 eras
1190 835 1377 873 studiorum,
1398 836 1498 867 latere
1518 846 1581 867 non
1602 837 1751 875 potuerit.

244 892 417 932 Expectare
435 892 465 929 ¹²,
488 893 606 932 opinor,
628 893 761 930 voluisti,
783 895 819 923 ut
840 892 915 924 odor
936 892 1039 924 famae
1059 893 1148 923 illum
1170 893 1211 924 ad
1225 904 1274 924 me
1295 894 1459 933 perferret,
1481 896 1521 930 et,
1543 903 1641 933 quum
1663 893 1758 924 tritus

246 952 327 981 esset
342 950 363 966 ¹³
385 951 579 980 caeterorum
602 950 739 980 onmium
761 949 914 986 manibus,
937 952 1003 980 tum
1024 950 1150 981 demum
1165 950 1207 981 ad
1227 961 1276 981 me
1297 951 1484 990 perveniret.
1507 949 1596 988 Quod
1609 951 1755 990 equidem

244 1016 308 1038 non
327 1006 432 1044 laudo,
455 1009 496 1044 et,
518 1007 577 1037 nisi
598 1006 758 1038 meliorem
780 1008 934 1038 rationem
955 1007 1109 1044 attuleris,
1131 1017 1193 1038 non
1214 1017 1338 1047 possum
1359 1018 1421 1038 non
1443 1007 1604 1039 damnare.
1630 1007 1718 1039 Vale.

324 1063 369 1094 Ex
391 1063 573 1095 Constantia
594 1064 639 1095 ΙΙΙ
662 1064 767 1095 Nonas
788 1064 897 1104 aprilis
913 1064 942 1095 11,

980 1321 1029 1352 LI.

433 1415 651 1447 JOANNI
694 1413 1072 1452 BONONIENSI,
1113 1414 1564 1447 JUSTINOPOLIN.

700 1498 827 1527 PADUAE,
848 1497 882 1520 111
903 1498 970 1520 KAL.
992 1498 1172 1527 NOVEMBffls,
1196 1491 1273 1521 1395
1290 1491 1311 1508 ¹⁵

520 1566 584 1601 (Br.
598 1576 630 1602 p.
650 1567 687 1600 5‚·
708 1583 740 1586 —
765 1565 816 1593 Gr.
837 1574 863 1592 η.
884 1565 944 1598 24;
966 1581 998 1584 -
1017 1565 1088 1592 PM.
1108 1574 1129 1594 0.
1150 1566 1210 1599 63,·
1231 1582 1263 1585 —
1282 1566 1345 1594 PP.
1366 1574 1394 1594 n.
1415 1567 1478 1601 43.)

321 1639 423 1670 Hodie
444 1637 553 1669 literas
575 1647 593 1668 a
614 1639 645 1668 te
659 1636 775 1672 habui;
796 1635 887 1667 hodie
909 1635 1015 1672 reddo,
1030 1646 1068 1666 ne
1084 1646 1133 1666 me
1150 1637 1279 1676 posthac
1293 1646 1406 1676 parum
1427 1637 1612 1677 diligentem
1633 1648 1757 1678 arguas,

243 1697 291 1728 uti
301 1707 386 1727 nuno
401 1695 483 1727 iacis.
499 1694 666 1725 Instituisti
677 1693 798 1724 mecum
810 1693 971 1733 querelam
983 1703 1119 1733 gravem,
1133 1693 1217 1733 quod
1229 1694 1250 1710 ¹⁶
1265 1694 1319 1734 qui
1334 1694 1411 1725 alios
1426 1694 1559 1735 neglecti
1570 1694 1659 1726 officii
1671 1705 1758 1727 accu—

243 1764 312 1786 sare
334 1753 460 1790 soleam,
483 1751 548 1792 ipse
568 1761 652 1782 nunc
673 1750 868 1783 accusandus
888 1751 954 1788 sim,
975 1751 1070 1781 immo
1091 1760 1163 1782 vero
1184 1750 1390 1788 damnandus,
1412 1752 1502 1791 quasi
1523 1762 1561 1783 ex
1582 1752 1754 1793 longinqua

242 1812 460 1851 diuturnaque
477 1810 497 1826 ¹⁷
518 1809 664 1841 absentia
684 1819 747 1839 non
769 1808 860 1839 modo
881 1808 1038 1839 scribendi
1062 1808 1211 1845 studium,
1232 1808 1286 1840 sed
1308 1811 1339 1840 et
1354 1809 1376 1826 ¹⁸
1398 1809 1580 1847 amicitiam,
1597 1810 1680 1849 quod
1694 1810 1758 1850 ple-

244 1870 334 1909 rique
349 1868 459 1907 solent,
481 1867 659 1907 abjecerim.
683 1866 719 1897 In
733 1876 797 1906 qua
810 1876 854 1902 re,
876 1868 1048 1906 utcumque
1062 1875 1113 1897 me
1125 1865 1180 1897 alii
1201 1869 1347 1906 arguant,
1370 1870 1406 1898 tu
1426 1869 1511 1898 certe
1527 1867 1559 1897 id
1580 1877 1641 1898 non
1655 1870 1754 1907 potes,

242 1927 267 1957 si
288 1926 389 1963 modo,
411 1924 538 1966 quando
559 1923 646 1955 aliud
668 1933 798 1964 nequeo,
820 1923 853 1954 id
873 1922 1007 1954 officium
1029 1933 1134 1954 meum
1156 1925 1203 1954 est
1224 1926 1255 1954 et
1276 1924 1412 1955 amicum
1432 1924 1562 1964 diligere
1583 1927 1615 1955 et
1629 1925 1756 1957 crebras

241 1985 349 2016 literas
369 1983 455 2014 dare.
480 1982 522 2014 De
544 1980 659 2013 affectu
680 1981 809 2022 quidem
829 1990 913 2012 nunc
932 1983 1022 2012 taceo
1034 1981 1064 2011 ¹⁹.
1088 1980 1243 2019 Quoniam
1259 1991 1361 2022 neque
1377 1981 1568 2014 sufficienter
1589 1983 1754 2023 explicare,

253 2071 260 2086 ¹
281 2069 366 2097 Marc.
387 2068 420 2096 72
439 2076 521 2096 senza
540 2067 647 2102 hujus:
668 2066 752 2094 Maro.
771 2065 822 2093 208
839 2065 931 2100 ipsius
1021 2066 1042 2083 13
1062 2065 1106 2092 Br.
1127 2065 1188 2093 PM.
1208 2066 1294 2094 tritus
1312 2074 1377 2094 eum
1395 2068 1466 2094 esset

251 2115 262 2132 ²
281 2113 313 2141 G.
333 2113 383 2140 117
403 2113 582 2140 monstrante
603 2111 672 2138 milei
685 2110 862 2145 jamdudum
882 2110 951 2138 olim
1019 2110 1039 2127 14
1059 2109 1123 2137 Cosi
1143 2110 1175 2137 G.
1196 2110 1262 2145 1043
1287 2110 1317 2138 G.
1341 2110 1416 2139 107a
1435 2111 1577 2147 agg-iunge
1599 2112 1688 2148 14163
1709 2112 1758 2140 107

250 2160 261 2176 3
280 2157 345 2185 Cod.
365 2158 432 2185 Reff.
452 2156 612 2192 epistolam,
630 2156 806 2191 ozeyliqenter
1053 2154 1077 2181 b.
1102 2154 1139 2181 d.0
1159 2162 1172 2181 e
1195 2153 1260 2190 117,
1280 2155 1369 2182 Amst.
1395 2163 1475 2183 senza
1499 2156 1517 2182 1⁷
1527 2163 1619 2190 annog
1644 2156 1672 2185 Z.
1697 2157 1758 2192 473,

249 2204 259 2220 ⁴
279 2203 343 2232 Cod.
363 2202 430 2230 Reff.
450 2202 545 2230 studio
564 2202 600 2229 ab
621 2210 651 2229 eo
672 2200 811 2235 scriptam
1051 2198 1137 2227 Marc.
1157 2199 1209 2227 208
1234 2198 1265 2234 (il
1290 2199 1369 2234 quale
1393 2198 1534 2235 aggiunge
1560 2200 1621 2229 Deo
1643 2202 1757 2236 qratias

251 2248 263 2265 ⁵
281 2247 369 2275 Amst.
383 2247 503 2281 Jccvems
521 2247 743 2280 inexpertnsque
1052 2244 1167 2278 amen);
1187 2243 1250 2272 Cod.
1264 2242 1455 2272 Reff.Just21n.
1470 2243 1533 2272 ΙΙΙ
1546 2243 1650 2273 Nonas
1667 2245 1756 2281 Apri-

250 2293 261 2308 e
281 2292 313 2319 G.
334 2291 383 2319 107
404 2299 430 2326 a,
454 2290 486 2318 G.
507 2289 557 2318 107
577 2290 594 2318 b
617 2289 742 2326 ozeyabit,
767 2296 852 2323 cunm
876 2288 908 2316 G.
929 2288 978 2316 117
1053 2287 1098 2322 lis,
1117 2288 1203 2316 1399.

274 2336 391 2372 weyabz't
408 2343 474 2363 eum
1016 2334 1038 2353 ¹5
1057 2332 1126 2363 Reff.
1144 2332 1211 2363 Kal.
1231 2333 1400 2369 novembris,
1421 2333 1516 2368 1495;
1537 2334 1596 2363 PM.
1621 2333 1666 2363 Gr.
1686 2335 1757 2364 Kal.

249 2382 260 2398 ⁷
279 2380 369 2408 Amst.
389 2388 470 2408 senza
489 2379 510 2407 il
529 2380 579 2415 qui
1048 2386 1112 2406 nov.
1133 2378 1218 2406 1695.

249 2426 260 2442 ⁸
280 2424 344 2452 Cod.
358 2424 426 2452 Reff.
445 2423 496 2459 qui
514 2425 541 2452 et
558 2423 642 2459 sapit,
662 2425 688 2451 et
705 2423 782 2459 quod
798 2422 878 2458 sapit
895 2430 975 2459 repo·
1013 2422 1036 2442 ¹6
1054 2422 1109 2451 PP.
1129 2422 1200 2458 quia

273 2477 341 2497 orere
359 2469 432 2497 sciat
1014 2467 1036 2485 ¹⁷
1056 2467 1101 2495 Br.
1121 2467 1182 2495 PM.
1201 2466 1366 2502 diurnaque

251 2515 261 2531 ⁹
282 2513 342 2541 PM.
360 2513 502 2542 barbarus
1015 2512 1038 2530 ⁴⁸
1055 2511 1140 2539 Senza
1158 2511 1215 2540 l’et
1231 2511 1277 2539 nei
1295 2512 1343 2547 piu
1363 2512 1406 2540 dei
1425 2512 1524 2542 codici.

235 2558 257 2574 ¹⁰
275 2556 308 2585 G.
331 2556 382 2584 117
401 2565 484 2585 senza
503 2558 529 2585 ie
1016 2555 1038 2576 ¹⁹
1056 2555 1119 2584 Cosi
1138 2555 1225 2591 Reff.;
1244 2555 1320 2592 negli
1339 2556 1404 2584 altri
1423 2556 1526 2586 codici:
1553 2557 1634 2586 Nam
1652 2557 1686 2586 de
1704 2557 1756 2590 af-

235 2603 256 2619 ¹¹
277 2601 332 2630 PP.
349 2601 420 2637 quia
1046 2599 1122 2633 fectu
1140 2608 1219 2628 mmo
1243 2602 1327 2636 taceo,
1351 2601 1510 2636 quom'aw
1541 2601 1595 2630 PP.
1618 2609 1683 2630 cum
1704 2609 1754 2636 per

235 2646 256 2663 ¹2
276 2645 339 2674 Cod.
359 2645 427 2674 Reff.
445 2646 578 2682 expetore
598 2646 629 2674 zat
647 2645 751 2681 opinor
1051 2652 1130 2674 mmo
