1845 3076
257 167 297 197 54
895 176 918 198 P.
940 176 965 199 P.
988 175 1134 198 VERGERIO

258 258 331 289 viris
345 257 537 298 egregiisque
551 258 799 290 adolescentibus
814 260 930 290 mentio
945 259 1063 297 incidit,
1076 270 1170 300 quam
1185 260 1332 292 virtutem
1348 264 1434 292 tuam
1450 262 1589 301 laudare,
1604 263 1763 304 ingenium

261 314 379 352 efferre,
400 315 573 345 doctrinam
591 315 850 356 diligentiamque
871 317 1075 356 praedicare?
1098 317 1136 348 Et
1150 327 1224 348 sane
1240 318 1322 349 inter
1342 329 1465 358 paucos,
1487 320 1540 360 qui
1554 321 1655 351 multa
1675 321 1713 353 de
1729 331 1761 352 se

258 372 457 412 promittunt,
478 375 514 403 tu
529 383 560 403 es
575 383 654 404 unus
676 374 707 404 in
729 374 836 414 primis
857 373 895 405 de
916 384 977 414 quo
999 375 1078 405 bene
1097 376 1299 415 conceperim.
1322 376 1391 407 Non
1406 379 1453 408 est
1467 388 1540 417 ergo
1561 381 1605 415 ut,
1629 382 1684 409 aut
1697 379 1760 410 tuis

257 432 313 460 aut
328 430 530 469 cujusquam¹
553 430 664 469 verbis,
679 431 792 462 clarior
813 431 889 462 mihi
910 442 978 471 spes
995 434 1050 462 aut
1065 432 1252 464 existimatio
1273 433 1484 473 ingeneretur,
1506 445 1566 474 quo
1580 438 1610 466 te
1626 437 1758 476 amplius

257 497 367 517 amem.
389 487 522 519 Abunde
544 490 575 518 te
603 488 694 525 novi;
723 489 863 528 probitas
884 492 940 520 tua
960 490 970 505 ἵ
998 490 1123 529 penitus
1143 490 1219 520 mihi
1240 494 1402 530 perspecta
1423 494 1478 529 est,
1508 502 1610 531 quam,
1638 496 1674 524 ut
1694 494 1760 533 ipse

257 553 378 575 mecum
392 544 498 582 miror,
511 546 557 577 ita
570 549 600 577 et
615 546 699 586 apud
714 547 790 577 alios
804 547 986 586 praedicare
997 548 1007 563 ³
1030 558 1091 579 non
1105 549 1220 580 desino.
1236 548 1354 589 Tuque,
1369 550 1394 580 si
1410 549 1485 590 quid
1506 549 1581 581 mihi
1601 550 1709 589 credis,
1724 569 1763 574 —-

257 602 406 642 augurari
428 603 510 633 enim
531 603 617 642 libet,
639 622 676 625 —
697 613 884 644 prosequere
896 605 904 621 ‘¹
927 607 963 635 ut
984 605 1120 645 coepisti,
1143 606 1183 637 ad
1205 617 1353 647 magnum
1374 610 1405 638 et
1426 607 1550 638 virtutis
1578 610 1610 638 et
1637 608 1762 639 honoris

259 661 289 690 et
304 669 408 689 rerum
425 659 547 691 culmen
562 664 774 701 perventurus
791 662 951 693 Postremo
967 663 1123 703 eclypsim,
1139 674 1233 703 quam
1248 664 1459 703 praedixeras,
1471 675 1532 695 non
1547 665 1674 704 calculo,
1690 675 1762 705 quo-

257 715 364 746 niam⁵
387 727 424 747 ea
445 717 551 748 studia
579 718 619 748 ad
646 720 770 758 tenipus
798 719 873 749 mihi
895 720 1022 750 remissa
1043 723 1116 751 sunt
1134 721 1162 757 ὃς
1190 721 1243 751 sed
1266 721 1353 752 oculo
1375 722 1449 758 vidi,
1471 732 1507 753 ac.
1527 722 1684 762 plerisque
1704 722 1763 753 sub

257 775 311 804 tuo
339 774 462 805 nomine
490 775 690 815 significavi⁷.
714 776 757 806 Ex
786 787 849 815 qua
875 787 908 807 re
937 777 1062 807 laudem
1087 778 1146 809 tibi
1172 778 1212 809 ab
1241 778 1309 809 aliis
1332 779 1489 818 quaesivig
1516 789 1536 810 a
1556 789 1605 810 me
1630 789 1702 811 vero
1730 781 1762 811 et

258 831 372 861 amoris
394 831 566 863 fomentum
590 835 620 863 et
643 833 758 863 certius
781 833 817 864 de.
840 834 932 865 rebus
954 834 1037 864 tuisS
1058 838 1277 874 argumentum
1298 838 1479 876 conceptum
1501 833 1554 867 est}
1577 836 1665 868 Vale.

949 1091 1072 1122 XXXV.

439 1182 811 1215 PRAESTANTISSIMO
833 1183 1009 1216 ORATORI
1031 1185 1126 1217 DNO
1147 1185 1275 1217 UGONI
1299 1186 1352 1216 DE
1374 1185 1579 1217 FERRARIA

811 1241 971 1273 Pfflslco
992 1242 1209 1273 NOTISSIMO

801 1316 843 1349 <G
858 1317 917 1345 76:
936 1333 969 1336 —
989 1317 1051 1345 PP.
1071 1327 1099 1345 w.
1119 1319 1197 1352 126.)

334 1386 527 1426 Extorquere
548 1386 684 1417 nondum
707 1397 726 1418 a
746 1390 776 1418 te
798 1387 895 1427 potui,
917 1388 1014 1419 amice
1035 1388 1201 1425 carissime,
1222 1391 1258 1419 ut
1278 1388 1354 1419 mihi
1375 1389 1494 1429 aliquid
1516 1389 1675 1427 scriberes,
1697 1389 1755 1421 fer-

254 1445 363 1474 venter
385 1443 520 1483 quidem,
550 1443 602 1474 sed
629 1443 754 1474 incaute
787 1444 869 1475 forte
898 1447 1001 1475 tecum
1032 1455 1135 1485 agens,
1166 1445 1250 1485 quod
1278 1445 1335 1476 hoc
1362 1456 1381 1476 a
1408 1448 1439 1477 te
1468 1449 1557 1477 tanto
1587 1446 1666 1484 nisu,
1697 1449 1763 1477 tam

255 1500 383 1540 quidem
406 1501 505 1539 avide,
526 1501 736 1540 deposcebam.
760 1501 791 1532 Si
813 1502 895 1532 enim
916 1512 965 1533 ine
986 1513 1047 1533 non
1069 1503 1150 1533 tanti
1171 1503 1308 1542 pendere
1330 1503 1437 1534 literas
1457 1506 1528 1534 tuas
1547 1504 1758 1541 ostendissem,

254 1558 413 1589 nolentem
433 1559 443 1575 ⁹
472 1557 584 1594 forsan,
614 1558 675 1589 imo
702 1559 859 1590 nolentem
888 1560 1024 1599 quidem,
1055 1560 1177 1600 scriptis
1204 1560 1347 1600 plurimis
1376 1563 1407 1592 et
1436 1561 1612 1600 cumulatis,
1638 1565 1675 1593 ut
1702 1562 1763 1593 exi-

256 1615 357 1652 stimo,
397 1615 496 1646 literis
526 1615 688 1647 obruisses.
730 1616 822 1646 Nunc
857 1617 931 1656 quia
963 1617 1088 1647 avidum
1122 1617 1206 1648 vides
1239 1620 1270 1648 et
1301 1618 1476 1655 verborum,
1505 1621 1541 1649 ut
1570 1619 1616 1649 ita
1646 1619 1758 1659 dicam,

256 1675 382 1703 tuorum
403 1672 590 1707 famelicum,
617 1673 843 1704 irrefocilatum
863 1674 945 1711 sinis,
966 1674 1048 1714 quod
1074 1675 1270 1714 plerumque,
1292 1677 1322 1706 et
1339 1676 1360 1692 ¹⁰
1380 1675 1412 1705 in
1428 1675 1497 1705 aliis
1513 1676 1615 1715 rebus,
1638 1676 1760 1708 accidit.

259 1728 384 1767 Quanto
407 1731 489 1760 enim
511 1730 673 1760 ardentius
695 1731 803 1770 aliqua
825 1731 865 1762 ab
887 1731 956 1762 aliis
977 1732 1081 1771 expeti
1107 1733 1271 1769 cernimus,
1299 1735 1388 1765 tanto
1414 1733 1502 1765 nobis
1529 1733 1649 1764 cariora
1670 1733 1761 1765 fiunt.

255 1786 295 1817 Et
315 1787 341 1817 si
361 1787 437 1818 dare
458 1787 666 1827 disponamus,
688 1788 809 1818 cariora
832 1788 985 1828 fingimus,
1010 1791 1045 1819 ut
1065 1789 1182 1820 donum
1204 1790 1274 1820 eis¹¹
1298 1791 1417 1830 gratius
1432 1791 1591 1822 faciamus.
1614 1791 1761 1822 Nondum

252 1847 363 1875 tamen
394 1845 632 1884 desperaveram
662 1844 769 1875 literas
789 1847 869 1881 tuas,
901 1848 1025 1885 putans,
1058 1849 1098 1883 te,
1126 1851 1183 1877 aut
1204 1847 1455 1879 incommoditate
1476 1849 1671 1886 nunciorum,
1702 1851 1759 1880 aut

259 1901 364 1941 aliquo
385 1902 471 1942 gravi
498 1902 729 1942 impedimento,
752 1912 812 1932 non
833 1903 976 1934 scribere.
1000 1903 1116 1934 Verum
1137 1904 1212 1944 quia
1235 1908 1338 1936 certus
1359 1905 1420 1936 huc
1441 1906 1569 1936 nuntius
1583 1916 1602 1937 a
1616 1908 1648 1937 te
1663 1907 1757 1944 venit,

256 1968 311 1999 per
332 1969 425 1998 quem
446 1959 524 1989 nihil
546 1959 670 1990 omnino
698 1960 857 1999 scripsisti,
885 1960 962 1991 nihil
993 1961 1127 2000 amplius
1148 1971 1166 1992 a
1187 1964 1218 1992 te
1250 1965 1385 2002 expecto.
1418 1962 1516 2001 Quem
1538 1973 1608 1994 cum
1630 1963 1759 1995 interro-

257 2025 386 2056 gassem,
407 2026 463 2046 cur
483 2016 602 2047 nullam
623 2017 699 2047 mihi
721 2019 808 2047 tuam
839 2017 962 2048 literam
989 2018 1162 2055 detulisset,
1190 2020 1408 2059 occupationes
1433 2020 1548 2051 multas
1570 2023 1601 2051 et
1630 2021 1758 2060 impedi-

253 2076 360 2103 menta
380 2075 434 2104 tuo
454 2074 579 2104 nomine
592 2074 614 2091 ¹²¹
635 2074 758 2114 objecit.
785 2074 808 2103 F
810 2074 920 2105 ide-lius
942 2077 1048 2105 autem
1071 2076 1240 2115 quaesitus,
1265 2076 1343 2107 nihil
1370 2077 1481 2108 horum
1503 2077 1691 2108 intervenire
1713 2087 1759 2108 re-

252 2130 386 2169 spondit.
409 2129 512 2168 Quare
527 2131 552 2161 si
567 2131 645 2161 nihil
660 2131 776 2168 scribis,
792 2134 849 2162 aut
863 2132 921 2163 tibi
935 2134 993 2162 aut
1008 2132 1083 2163 mihi
1098 2133 1317 2172 imputandum
1334 2136 1387 2164 est.
1403 2133 1514 2165 Studia
1530 2137 1586 2165 tua
1601 2137 1632 2165 et
1646 2135 1760 2166 merita

253 2196 272 2217 a
291 2189 323 2218 te
344 2187 483 2218 nondum
504 2188 620 2227 scripta
640 2188 777 2219 animolg
799 2189 875 2219 mihi
895 2188 986 2229 fingo.
1008 2189 1092 2220 Rure
1113 2190 1197 2227 vivis,
1222 2193 1258 2221 ut
1279 2190 1382 2228 audio,
1404 2191 1459 2222 ubi
1482 2191 1626 2222 habitare
1640 2191 1759 2233 hyemis

252 2247 392 2284 tempore
412 2255 473 2275 non
494 2245 569 2275 satis
590 2245 776 2276 delectabile
796 2248 882 2285 puto,
904 2256 975 2277 cum
997 2249 1090 2286 prata
1111 2250 1143 2277 et
1163 2247 1301 2285 arbores,
1324 2258 1405 2288 quae
1423 2258 1477 2280 suo
1497 2251 1637 2288 tempore
1659 2249 1758 2280 oblec-

250 2301 400 2332 tationem
422 2305 595 2341 praestant,
610 2302 673 2333 suis
689 2305 760 2333 sunt
781 2303 944 2334 decoribus
965 2303 1126 2343 spoliatae,
1140 2307 1209 2335 tum
1224 2307 1330 2336 autem
1346 2308 1474 2345 propter
1495 2306 1619 2337 crebras
1635 2306 1757 2347 pluvias

260 2387 267 2403 1
288 2386 344 2413 PP.
364 2386 502 2421 cujusque
1033 2390 1043 2405 ³
1063 2389 1117 2417 PP.
1139 2390 1206 2417 meis

259 2431 270 2448 ²
289 2430 344 2458 PP.
365 2431 429 2458 tuas
1033 2434 1043 2450 ⁹
1063 2433 1139 2461 G76.
1158 2434 1213 2462 PP.
1233 2434 1368 2462 volentem

258 2475 269 2492 ³
288 2474 343 2503 PP.
360 2475 517 2509 producere
1020 2479 1041 2495 10
1061 2477 1117 2506 PP.
1136 2479 1169 2504 ut

257 2518 267 2535 ⁴
288 2518 347 2547 PM.
365 2527 533 2554 persequere
1020 2523 1039 2539 11
1060 2522 1115 2550 PP.
1135 2522 1198 2557 ejus

257 2563 268 2579 ⁵
288 2562 342 2589 PP.
383 2571 451 2590 uum
1019 2567 1040 2584 ¹2
1060 2566 1114 2594 PP.
1135 2574 1153 2593 oz
1176 2566 1246 2593 mis

257 2607 268 2623 ⁶
287 2606 342 2634 PP.
361 2571 421 2634 glut
1020 2611 1041 2628 ¹3
1061 2610 1116 2638 PF.
1136 2575 1247 2638 aiiimin

257 2651 268 2667 ⁷
287 2650 364 2679 Ram.
382 2651 551 2685 specificavi.
