1845 3076
252 152 290 183 12
884 158 908 180 P.
931 158 956 180 P.
977 157 1124 180 VERGEmo

979 315 1032 347 XI.

272 439 306 470 P.
324 438 359 471 P.
374 437 603 470 VERGERIUS
618 437 782 470 NOMINE
796 437 902 469 [LL.Ml
918 437 956 469 D.
971 437 1009 468 D.
1025 436 1199 469 PADUAN
1201 435 1217 467 1
1230 436 1446 470 FRANCISCI
1460 438 1514 470 DE
1529 438 1743 471 CARRARIA

796 513 864 544 AD
906 512 1206 545 DUCISSAM

446 589 556 625 (Bnp.
577 590 612 618 51
632 598 646 618 e
664 590 722 623 85,·
742 605 777 610 -—-
797 589 928 624 Ramp.
947 589 1005 623 47,-
1025 604 1058 608 —
1076 588 1148 617 PM.
1167 597 1190 617 c.
1210 589 1288 623 115‚·
1310 606 1340 610 —
1361 590 1422 618 ΡΡ.
1443 598 1472 618 η.
1492 591 1552 625 77.)

327 660 422 691 Certa
441 660 504 691 fide
525 663 720 700 compertum
735 659 846 697 habeo,
867 659 998 690 illustris
1011 659 1147 691 Domina
1166 662 1331 700 materque
1350 660 1518 698 carissima,
1540 671 1579 692 ex
1599 661 1759 693 seditioni—

246 717 315 755 bus,
337 717 441 749 interl
463 720 565 749 terras
580 719 704 749 nostras
724 727 825 757 nuper
839 717 964 756 exortis,
986 726 1050 748 esse
1065 719 1254 757 potestatem
1269 718 1425 749 vestram²
1445 727 1482 748 ac
1495 720 1669 749 vestrorum
1688 718 1762 750 illu-

244 775 358 806 strium
376 775 515 806 filiorum
535 785 598 806 non
617 774 718 806 solum
738 774 857 806 viribus
876 775 1086 812 imminutam,
1107 775 1161 806 sed
1175 784 1301 815 prorsus
1322 785 1403 815 pene
1417 774 1585 813 sublatam,
1607 785 1679 807 cum
1691 785 1757 807 non

243 832 312 872 jam
332 833 427 864 urbes
440 835 536 872 atque
550 832 699 863 esercitus
714 835 817 864 vestro
828 832 839 849 ⁸
857 832 975 872 judicio
989 834 1153 873 vestroque
1174 832 1301 864 consilio
1315 834 1477 873 regantur,
1499 832 1554 864 sed
1574 832 1636 872 ipsi
1653 832 1757 867 alieno

243 896 327 925 nutu
346 896 443 933 atque
465 892 568 924 alieno
588 891 720 923 arbitrio
742 890 969 931 gubernemini,
995 909 1034 913 —
1058 900 1104 928 ac,
1124 890 1150 921 si
1171 890 1248 931 quid
1267 891 1379 931 prioris
1400 891 1546 925 fortunae
1567 891 1758 933 magnitudi-

243 952 355 992 nisque
369 959 529 990 superesse
541 949 697 987 videatur,
717 949 818 981 solum
832 948 962 980 dominii
972 949 1092 980 nudum
1107 958 1220 980 nomen
1235 948 1487 989 dignitatumque
1501 949 1512 967 ⁴
1532 949 1640 981 titulos
1660 959 1758 990 penes

246 1018 298 1040 vos
311 1008 470 1044 mansisse,
486 1006 654 1038 arbitrium
665 1016 739 1038 vero
751 1008 848 1046 atque
862 1016 985 1037 omnem
1001 1007 1191 1046 potestatem
1209 1006 1243 1037 in
1262 1006 1339 1038 alios
1351 1016 1417 1038 esse
1436 1007 1633 1039 translatam.
1656 1007 1757 1039 Cerno

244 1066 341 1097 etiam
362 1064 460 1105 (quod
481 1074 530 1095 me
552 1074 615 1095 non
636 1064 836 1095 mediocriter
855 1064 991 1104 gravat),
1012 1073 1075 1095 non
1092 1064 1159 1104 jam
1179 1063 1315 1104 potuisse
1344 1073 1393 1096 res
1414 1066 1540 1104 vestras,
1563 1064 1603 1102 vi,
1623 1064 1757 1102 ratione,

244 1126 302 1155 aut
316 1125 465 1162 tempore,
487 1122 610 1162 corrigi,
630 1121 685 1153 sed
705 1121 744 1152 de
759 1124 862 1152 vestro
882 1123 969 1152 statu
989 1120 1059 1152 fieri
1073 1121 1181 1162 pejora
1202 1121 1351 1162 quotidie,
1371 1122 1476 1153 omnia
1495 1122 1528 1153 in
1553 1122 1672 1153 declive
1692 1131 1760 1162 spe-

242 1183 340 1211 ctare.
362 1180 529 1210 Acuuntur
549 1179 633 1210 enim
663 1179 697 1209 in
718 1178 784 1210 dies
805 1178 1008 1209 adversarum
1028 1178 1133 1209 studia
1155 1179 1293 1218 partium
1325 1181 1358 1210 et
1379 1189 1486 1210 eorum
1508 1179 1563 1220 qui
1582 1179 1638 1210 diu
1659 1179 1759 1220 pressi

245 1238 381 1268 fuerant.
404 1236 505 1272 Nunc,
537 1246 607 1267 cum
629 1238 772 1276 tempore
791 1236 889 1276 magis
910 1235 998 1267 furor
1016 1235 1201 1274 intenditur,
1233 1236 1355 1268 accedit
1374 1246 1468 1277 super
1487 1237 1657 1268 domestica
1677 1237 1757 1268 haec

244 1295 330 1326 mala
352 1297 519 1326 externum
540 1296 572 1325 et
592 1303 686 1334 grave
707 1293 827 1325 bellum
846 1293 1034 1324 sanctissimi
1053 1293 1172 1325 domini
1192 1294 1290 1325 nostri
1310 1294 1340 1325 d.
1370 1293 1530 1332 Bonifacii,
1561 1294 1668 1326 divina
1687 1304 1759 1335 pro-

243 1352 384 1383 videntia
405 1361 508 1392 papae
529 1350 583 1388 IX,
614 1351 670 1391 qui
690 1361 762 1382 cum
781 1351 976 1383 serenissimo
1007 1351 1149 1391 principe
1170 1351 1319 1389 Ruberto,
1350 1361 1424 1392 rege
1444 1351 1566 1383 noviter
1594 1351 1702 1390 electo,
1724 1353 1757 1383 et

242 1419 344 1449 nuper
363 1419 383 1440 a
403 1418 436 1440 se
456 1409 489 1439 in
511 1408 638 1449 publico
660 1408 844 1440 concistorio
864 1409 910 1440 ita
921 1408 1091 1448 appellato,
1113 1409 1276 1440 unanimes
1297 1410 1371 1440 sunt
1392 1411 1423 1440 et
1438 1409 1604 1441 concordes
1624 1410 1659 1440 in
1679 1409 1760 1441 exci-

241 1466 330 1497 dium
360 1468 455 1506 atque
476 1465 699 1497 exterminium
731 1468 832 1496 status
853 1466 957 1502 vestri,
990 1466 1093 1506 parati
1113 1465 1194 1497 alter
1214 1465 1380 1504 Ecclesiae,
1414 1466 1497 1498 alter
1524 1466 1655 1507 Imperii
1682 1467 1759 1507 jura

241 1533 400 1564 reparare.
423 1523 470 1554 Ex
491 1523 605 1564 quibus
625 1523 720 1564 plane
741 1523 839 1560 video,
862 1523 921 1554 nisi
935 1523 1131 1555 dissimulare
1152 1524 1349 1561 contendam,
1370 1534 1464 1564 grave
1481 1523 1561 1555 mihi
1580 1523 1758 1564 periculum

241 1581 380 1622 meisque
403 1581 497 1613 rebus
518 1581 690 1612 imminere.
714 1580 806 1618 Nam,
826 1581 888 1613 sive
909 1580 1000 1624 apud,
1016 1581 1139 1613 eosdem
1160 1581 1329 1613 arbitrium
1349 1584 1477 1614 maneat
1499 1581 1585 1622 apud
1600 1591 1677 1622 quos
1691 1591 1758 1613 esse

240 1648 325 1669 nunc
345 1638 480 1676 videtur,
501 1648 636 1679 quorum
656 1638 711 1679 qui
733 1639 773 1669 sit
793 1639 916 1670 animus
935 1641 992 1670 aut
1012 1639 1169 1670 sententia
1190 1639 1345 1670 incertum
1359 1640 1370 1657 ⁵
1391 1641 1447 1677 est,
1468 1640 1541 1677 sive,
1563 1641 1600 1670 ut
1620 1641 1694 1670 sunt
1714 1649 1761 1671 se-

240 1696 395 1727 ditionum
417 1699 513 1736 atque
535 1697 690 1727 bellorum
711 1696 789 1727 fines
809 1696 889 1727 varii
910 1699 942 1728 et
957 1699 1086 1728 eventus
1106 1697 1266 1737 insperati,
1287 1697 1329 1728 ad
1349 1697 1436 1735 alios,
1457 1698 1491 1728 in
1511 1707 1588 1737 quos
1607 1697 1756 1728 devenire

240 1757 354 1793 posset,
375 1756 513 1794 potestas
534 1756 631 1794 atque
652 1754 833 1791 auctoritas,
857 1764 938 1794 quae
959 1756 1064 1786 vestra
1084 1754 1198 1792 fuerat,
1222 1755 1460 1792 transferratur,
1490 1755 1658 1795 utrobique
1678 1754 1758 1786 mihi

239 1811 415 1842 timendum
437 1813 494 1849 est,
527 1813 662 1843 maxime
684 1822 756 1843 vero
788 1822 882 1843 causa
903 1812 1152 1852 propinquarum
1183 1813 1260 1843 mihi
1280 1815 1449 1850 terrarum,
1481 1823 1520 1843 ne
1542 1813 1596 1853 qui
1617 1822 1669 1844 eas
1690 1811 1755 1850 alii,

240 1878 320 1908 quos
340 1868 468 1900 minime
490 1868 612 1906 vellem,
634 1871 833 1909 occuparent,
848 1870 858 1885 ⁰
879 1879 950 1900 cum
964 1869 1043 1900 nihil
1064 1870 1104 1900 sit
1119 1869 1322 1910 periculosius
1343 1880 1438 1910 quam
1452 1872 1509 1901 aut
1521 1869 1683 1901 inimicum
1697 1871 1756 1901 aut

240 1925 374 1956 infidum
390 1925 469 1956 nihil
491 1928 577 1957 certe
592 1926 752 1957 molestius
773 1937 869 1967 quam
890 1929 1069 1967 suspectum
1090 1927 1206 1958 habere
1227 1927 1371 1958 vicinum.
1394 1928 1500 1967 Atque
1520 1937 1556 1958 eo
1576 1927 1674 1968 magis
1687 1936 1757 1967 pro-

242 1982 413 2014 videndum
445 1985 491 2014 est
511 1983 597 2021 mihi,
631 1983 715 2023 quod
729 1984 739 2000 ⁷
760 1984 839 2015 haec
858 1985 925 2024 ipsa
945 1984 1013 2015 loca
1045 1985 1169 2024 aptiora
1189 1987 1263 2015 sunt-
1283 1985 1324 2016 ad
1345 1985 1519 2016 nocendum
1545 1995 1640 2025 quam
1661 1986 1757 2015 antea

238 2039 376 2077 fuerant,
400 2050 437 2071 ex
460 2050 496 2071 eo
518 2041 707 2080 praesertim
729 2042 871 2073 aedificio
892 2042 976 2081 quod
996 2042 1028 2072 in
1050 2042 1179 2074 flumine
1200 2042 1337 2073 Brentae
1359 2044 1572 2074 constructum
1593 2044 1640 2073 est
1660 2050 1756 2082 penes

241 2096 370 2136 opidum
385 2097 582 2135 Bassianum,
605 2108 625 2129 a
639 2108 701 2138 quo
721 2109 824 2138 opere,
842 2099 937 2130 etiam
958 2109 1035 2139 pace
1049 2100 1133 2130 inter
1154 2109 1209 2131 nos
1224 2096 1317 2137 facta,
1339 2109 1511 2140 nunquam,
1532 2109 1589 2139 per
1602 2109 1756 2130 summam

241 2154 402 2186 hominum
425 2155 666 2186 admirationem
687 2158 840 2187 cessatum
862 2158 917 2194 est,
949 2167 1020 2188 cum
1040 2157 1073 2188 id
1094 2157 1164 2188 fieri
1185 2157 1227 2188 ad
1247 2156 1458 2188 intollerabile
1479 2157 1629 2188 damnum
1649 2167 1756 2188 meum

238 2221 409 2252 rerumque
429 2222 572 2244 mearum
593 2223 684 2244 nemo
705 2213 877 2252 dubitaret,
899 2214 975 2244 mihi
995 2224 1068 2246 vero
1088 2215 1184 2247 etiam
1206 2216 1373 2252 constaret,
1405 2214 1556 2255 pleraque
1577 2215 1650 2255 alia,
1671 2223 1754 2255 quae

239 2278 324 2300 nunc
343 2270 489 2310 apperire
510 2281 573 2302 non
594 2271 720 2309 attinet,
749 2272 865 2304 eisdem
885 2273 918 2304 in
938 2273 1015 2305 locis
1037 2277 1146 2306 contra
1168 2285 1218 2306 me
1238 2277 1334 2316 atque
1365 2275 1398 2306 in
1419 2274 1609 2306 eversionem
1622 2273 1633 2290 ⁸
1652 2274 1756 2304 status

240 2327 302 2358 mei
317 2327 411 2358 fuisse
426 2328 459 2358 in
472 2328 616 2360 futurum
632 2329 796 2361 destinata.
819 2329 1029 2369 Quamobrem
1043 2332 1120 2363 mihi
1140 2333 1276 2372 meisque
1290 2332 1421 2372 posteris
1434 2332 1594 2364 consulere
1614 2330 1754 2371 cupiens,

247 2420 255 2435 ¹
277 2419 332 2448 ΡΡ.
351 2420 430 2448 intra
1024 2428 1035 2444 -‚
1053 2427 1098 2454 ΒΓ.
1122 2427 1164 2461 51,
1193 2428 1270 2456 Ram.
1288 2428 1396 2456 incerto
1415 2429 1463 2455 est.
1494 2426 1577 2454 Forse
1595 2426 1627 2454 in
1645 2426 1755 2455 incerto

249 2464 261 2481 ‘2
280 2463 335 2491 ΡΡ.
353 2466 481 2493 nostram
1051 2473 1099 2506 ost,
1119 2479 1175 2499 non
1188 2471 1212 2499 si
1231 2479 1269 2499 sa.
1289 2471 1334 2499 ΒΓ.
1348 2472 1391 2506 85,
1411 2471 1442 2499 2⁸22
1460 2472 1535 2499 certo
1554 2471 1595 2498 est

249 2508 260 2523 ³
280 2507 325 2535 ΒΓ.
346 2508 422 2536 Ram.
444 2509 497 2537 ΡΡ.
517 2518 597 2539 senza
622 2511 777 2541 exso-citus
795 2515 895 2542 vestro.
916 2514 977 2542 PM.
1023 2518 1034 2534 6
1052 2516 1097 2545 Br.
1117 2523 1181 2551 pag.
1200 2516 1234 2544 85
1253 2518 1288 2544 t.:
1305 2515 1431 2549 forsitan
1450 2515 1626 2550 occuparent.

275 2560 358 2579 senza
374 2554 466 2581 vestro
1024 2562 1035 2578 ⁷
1054 2561 1108 2589 ΡΡ.
1128 2562 1197 2597 quia

250 2596 260 2612 ⁴
280 2596 355 2624 Ram.
376 2597 601 2634 diym‘latequce
620 2616 649 2619 —
669 2600 723 2629 ΡΡ.
743 2601 948 2638 (ῖὶφῑίίιιΐίεαασ
1022 2606 1033 2622 ⁵
1053 2605 1129 2634 Ram.
1149 2606 1345 2636 adversionem

1835 2066 1845 2214 r*⁴0ffx-—-.
1843 2038 1845 2045 Δ
1840 2013 1845 2022 -
