1845 3076
241 155 280 186 20
876 164 901 186 P.
923 165 946 186 P.
970 164 1117 188 VERGERm

941 322 1040 354 XVII.

418 429 646 462 FRANCISCO
668 430 933 463 ZABARELLAE
957 432 1185 464 CARDINALI
1204 433 1466 466 FLORENTINO
1487 434 1514 466 S.
1537 435 1573 466 D.

750 514 945 544 Jusrmorom,
965 515 1040 538 xvm
1059 516 1124 539 APR.
1149 508 1235 540 1412.

366 580 430 615 (Br.
445 589 476 615 p.
496 582 536 615 6‚·
553 599 580 603 —
596 582 682 610 Ram.
695 590 726 617 p.
746 581 806 615 37;
821 599 853 612 ,-
871 582 922 610 Gr.
942 591 965 611 c·
984 583 1042 611 109
1062 584 1091 617 t.;
1109 600 1138 603 —
1152 583 1223 612 PM.
1243 592 1264 612 c.
1282 584 1320 612 65
1343 586 1370 618 t,·
1385 601 1415 605 —
1429 585 1492 614 PP.
1512 594 1540 614 n.
1560 586 1621 620 92.)

313 667 390 699 Cum
411 669 509 699 virtus
530 669 682 709 imprimis
703 671 770 699 tum
785 679 882 709 genus
903 679 940 701 ac
956 670 1060 709 patria
1080 670 1197 701 domini
1213 670 1426 711 Christophori
1441 671 1522 704 Zeno
1543 673 1582 704 de
1598 672 1748 711 Venetiis,

235 725 377 766 Episcopi
398 726 491 766 hujus
512 727 608 763 urbis,
631 726 761 766 exigunt
782 727 850 763 sibi,
870 729 907 758 ut
926 728 1026 768 major
1049 730 1144 768 atque
1164 728 1298 768 amplior
1320 728 1455 769 dignitas
1477 733 1532 760 aut
1553 733 1636 762 certe
1657 731 1747 763 sedes

233 783 397 823 dignitatis
417 783 533 814 clarior
552 784 792 824 opulentiorque
812 784 859 814 illi
879 784 981 822 detur,
996 795 1035 816 ne
1055 785 1110 816 diu
1131 785 1179 816 vel
1200 786 1299 817 virtus
1319 796 1376 817 sua
1392 786 1584 818 benemerito
1605 789 1747 828 praemio

232 840 282 871 vel
303 851 400 880 genus
432 851 468 871 ac
488 842 593 880 patria
614 844 779 881 expectato
800 842 916 873 honore
938 842 1136 879 fraudentur,
1168 853 1245 874 neve
1266 846 1394 883 propter
1421 844 1666 884 infrequentiam
1687 846 1744 877 loci

232 908 344 937 parum
366 898 525 929 fructuosa
545 898 609 929 sint
629 899 712 929 vitae
733 899 800 939 ejus
821 899 974 939 exempla,
996 902 1052 930 aut
1073 903 1200 940 propter
1214 901 1352 940 inopiam
1367 901 1509 932 beneficii
1525 902 1641 933 sterilis
1655 903 1695 934 sit
1714 904 1745 934 in

234 966 269 986 eo
290 955 476 995 benignitas,
498 956 552 986 sed
566 957 597 986 in
613 956 729 987 illustri
751 959 847 996 atque
868 957 964 988 ubere
980 957 1052 988 sede
1069 958 1186 997 positus
1207 961 1239 989 et
1254 958 1403 999 exemplis
1418 959 1548 990 vivendo
1570 959 1634 991 late
1648 961 1747 1000 prosit

235 1016 267 1043 et
288 1012 447 1044 beneficiis
466 1013 635 1053 largiendo.
660 1013 749 1052 Quod
769 1015 795 1045 si
815 1015 880 1054 ipse
902 1015 1028 1045 minime
1048 1015 1178 1046 forsitan
1199 1018 1332 1055 optaret,
1353 1017 1407 1056 qui
1429 1017 1569 1056 profecto
1590 1017 1748 1049 modestis-

234 1071 329 1101 simus
351 1073 397 1101 est
418 1071 560 1111 nihilque
583 1071 774 1111 ambitiosus,
806 1075 912 1102 tamen
933 1072 1101 1112 propinqui
1122 1073 1188 1113 ejus
1209 1083 1245 1104 ac
1266 1074 1440 1110 necessarii,
1464 1084 1540 1114 quos
1561 1074 1676 1106 multos
1696 1085 1748 1114 po—

231 1130 395 1168 tentesque
416 1138 454 1159 ex
474 1128 678 1168 optimatibus
700 1128 893 1160 Venetorum
914 1129 1019 1166 habet,
1042 1132 1079 1160 ut
1099 1130 1314 1169 quiescentum
1336 1131 1475 1162 excitant
1489 1134 1746 1172 annuentemque

232 1185 403 1216 sollicitant
423 1186 469 1217 ita
491 1188 527 1216 ut
548 1186 597 1217 vel
617 1186 750 1217 invitum
772 1189 1018 1226 renuentemque
1040 1190 1267 1226 promoverent.
1289 1188 1374 1219 Bene
1394 1187 1490 1228 igitur
1511 1189 1570 1220 sibi
1591 1199 1661 1219 cum
1682 1190 1746 1220 suis

232 1242 386 1279 convenit,
408 1243 461 1282 qui
483 1246 613 1282 paratus
634 1245 688 1281 est,
711 1253 782 1274 cum
803 1253 841 1274 ex
862 1244 986 1283 ingenio
1008 1246 1075 1274 tum
1097 1253 1135 1274 ex
1152 1244 1278 1284 judicio,
1300 1245 1417 1276 nemini
1438 1245 1634 1277 benevolenti
1656 1257 1747 1286 repu-

232 1309 338 1339 gnare,
360 1302 466 1339 atque,
489 1303 525 1330 ut
544 1310 602 1331 nec
623 1301 743 1331 ambire
765 1300 848 1340 quod
868 1301 899 1331 in
924 1302 929 1317 ¹
953 1301 1159 1340 dignitatibus
1180 1301 1352 1341 speciosum
1376 1305 1432 1339 est,
1454 1303 1500 1334 ita
1521 1313 1578 1334 nec
1597 1304 1681 1343 quod
1703 1304 1747 1335 la-

231 1356 388 1387 boriosum
403 1357 413 1373 ²
435 1356 579 1397 refugere
594 1358 612 1388 ³.
636 1357 781 1398 Plerique
804 1358 885 1389 enim
907 1358 1034 1389 fuerunt
1054 1359 1086 1389 in
1108 1358 1242 1390 ecclesiis
1264 1359 1408 1399 praelati,
1430 1361 1484 1399 qui
1505 1370 1561 1400 per
1580 1370 1672 1392 suum
1693 1361 1745 1392 vel

230 1424 356 1444 suornm
378 1414 532 1445 ambitum
553 1418 784 1455 promoventur,
806 1425 877 1446 cum
897 1415 960 1446 sint
979 1415 1019 1446 ad
1040 1426 1111 1447 euin
1131 1418 1259 1454 statum,
1279 1419 1315 1447 ut
1335 1417 1460 1456 penitus
1475 1418 1583 1457 inepti,
1598 1418 1643 1449 ita
1659 1428 1744 1458 pror-

232 1481 283 1501 sus
304 1471 433 1511 indigni.
454 1471 495 1502 Hi
516 1472 732 1511 praelaturam
753 1473 907 1510 ambiunt,
929 1472 983 1504 sed
1004 1473 1212 1504 ministerium
1234 1477 1431 1511 execrantur,
1466 1485 1523 1505 nec
1544 1478 1610 1506 tam
1632 1475 1745 1515 cupide

232 1538 305 1567 opes
325 1529 559 1568 amplectuntur
579 1529 751 1569 dignitatis,
784 1539 879 1569 quam
900 1530 1098 1561 detestantur
1123 1530 1240 1561 ordinis
1268 1530 1511 1562 Sacramentum.
1543 1532 1654 1572 Itaque
1682 1543 1744 1564 non

233 1588 299 1616 tam
312 1586 513 1625 promovendi
535 1596 597 1617 non
612 1588 695 1623 sunt,
709 1596 803 1626 quam
819 1587 953 1626 promoti
972 1587 1096 1618 omnino
1117 1587 1299 1627 repellendi.
1321 1588 1384 1619 Alii
1401 1591 1517 1626 autem,
1539 1589 1664 1629 ingenio
1686 1590 1743 1621 etsi

233 1652 295 1673 non
309 1653 435 1682 prorsus
451 1643 491 1673 acl
505 1643 687 1683 religionem
707 1654 814 1683 prono,
835 1644 913 1674 nec⁴
933 1646 1040 1675 tamen
1060 1645 1184 1684 penitus
1199 1644 1310 1682 alieno,
1330 1645 1394 1685 qui,
1417 1647 1554 1677 externis
1569 1647 1669 1678 causis
1691 1647 1744 1678 ad-

235 1699 330 1738 ducti,
362 1700 458 1731 vitam
490 1700 667 1731 clericalem
688 1701 816 1741 professi
847 1703 928 1739 sunt,
959 1702 1106 1741 nactique
1127 1702 1323 1742 dignitatem,
1357 1703 1403 1733 ita
1423 1703 1560 1741 student,
1581 1713 1677 1744 seque
1698 1704 1744 1735 ita

233 1760 432 1797 componunt,
452 1760 497 1794 ut,
518 1758 544 1788 si
564 1758 667 1789 minus
688 1759 762 1796 vita,
783 1761 891 1790 tamen
912 1761 1015 1799 gestus
1036 1759 1225 1799 habitusque
1246 1760 1419 1791 conveniat.
1440 1760 1554 1801 Hique,
1576 1763 1612 1792 ut
1625 1771 1745 1801 promo—

235 1815 302 1846 veri
316 1815 327 1831 ⁵
349 1815 478 1846 fortasse
500 1825 561 1846 non
576 1815 701 1853 debent,
722 1816 768 1847 ita
788 1817 922 1856 promoti
942 1816 1083 1847 tollerari
1097 1819 1234 1857 possunt.
1257 1816 1409 1848 Nonnulli
1423 1828 1495 1849 vero
1516 1828 1536 1849 a
1548 1821 1664 1850 natura
1677 1819 1746 1859 ipsa

233 1872 265 1902 in
286 1872 344 1903 hoc
363 1882 440 1912 opus
460 1873 537 1904 editi
557 1873 713 1910 videntur,
735 1876 771 1904 ut
792 1876 915 1905 taceam
936 1873 1075 1905 divinam
1094 1875 1297 1912 vocationem,
1319 1875 1432 1914 quibus
1447 1885 1557 1913 mores,
1571 1875 1742 1916 ingenium,

234 1929 348 1966 studia,
371 1931 498 1970 vitaque
519 1932 588 1961 tota
607 1931 639 1960 in
665 1930 748 1962 idem
770 1931 963 1962 conveniant.
986 1930 1051 1962 Nec
1071 1931 1229 1971 discrepat
1249 1942 1268 1963 a
1288 1933 1399 1963 mentis
1427 1932 1538 1964 habitu
1560 1933 1659 1964 forma
1681 1943 1745 1965 cor—

234 1987 324 2026 poris.
347 1986 377 2017 Si
398 1998 459 2027 que.
475 1988 495 2025 ἢ,
527 1991 563 2019 ut
585 1988 772 2019 admittendi
793 1991 876 2025 sunt,
907 1989 931 2019 si
952 1998 984 2020 se
1005 1987 1147 2026 offerant,
1178 1989 1224 2020 ita
1244 1989 1269 2019 si
1291 2000 1329 2020 ex
1351 1990 1447 2021 animi
1479 1990 1691 2022 moderatione
1711 2001 1745 2022 se

237 2044 426 2083 abstineant,
459 2056 497 2076 ex
518 2045 648 2085 imperio
669 2045 845 2076 adducendi
867 2049 948 2077 sunt.
980 2046 1047 2084 Quo
1067 2047 1098 2077 in
1120 2056 1232 2086 genere
1255 2050 1301 2078 est
1322 2048 1354 2078 in
1375 2047 1482 2087 primis
1511 2047 1561 2078 hic
1581 2048 1742 2088 episcopus

236 2112 332 2133 meus.
355 2102 446 2139 Nam,
469 2105 505 2133 ut
525 2103 658 2134 aliorum
679 2113 755 2143 pace
775 2103 887 2141 dicam,
908 2104 1025 2135 caeteri
1047 2104 1172 2144 quidem
1194 2105 1407 2145 episcoporum
1429 2105 1503 2136 facti
1517 2105 1743 2145 elaboratique,

234 2159 285 2190 1110
307 2162 412 2190 autem
434 2164 526 2191 natus
557 2161 718 2200 episcopus
738 2161 870 2192 videtur.
899 2161 953 2192 Est
975 2162 1057 2192 enim
1077 2162 1238 2193 mitissimo
1259 2162 1392 2202 ingenio,
1424 2162 1742 2203 mansuetissimisque

233 2217 381 2254 moribus,
402 2220 433 2248 et
453 2218 485 2248 in
506 2219 590 2249 0111111
610 2228 751 2249 sermone
773 2219 1068 2259 conversationeque
1088 2220 1199 2256 suavis,
1226 2220 1355 2257 sobrius,
1382 2221 1552 2257 continens,
1580 2220 1742 2260 benignus,

234 2275 293 2306 sibi
313 2285 434 2315 parcus,
456 2275 587 2307 caeteris
598 2276 746 2314 liberalis,
760 2276 833 2308 foris
848 2277 1017 2317 episcopm,
1030 2277 1111 2307 (101111
1124 2287 1181 2317 par
1195 2277 1273 2308 aliis.
1296 2277 1331 2307 In
1343 2277 1391 2308 his
1412 2287 1493 2314 vero,
1514 2287 1596 2318 quae
1616 2278 1656 2309 ad
1670 2288 1744 2317 pon*

232 2332 349 2364 tificale
368 2333 501 2364 officium
524 2334 693 2373 pertinent,
723 2336 869 2365 strenuus
889 2344 927 2366 ac
947 2334 1088 2374 diligens,
1120 2335 1306 2375 omninoque
1326 2334 1454 2366 studens
1481 2336 1517 2366 ut
1538 2337 1570 2366 et
1590 2335 1742 2367 bonorum

234 2400 355 2421 morum
376 2390 417 2421 sit
438 2391 538 2421 clerus
554 2391 573 2428 ⁷,
600 2393 632 2422 et
653 2391 764 2422 divinis
785 2391 894 2422 officiis
915 2391 1136 2432 frequentetur
1156 2392 1294 2424 ecclesia.
1317 2392 1429 2432 Itaque
1451 2395 1496 2423 est
1516 2392 1549 2422 in
1570 2392 1743 2424 excitandis

245 2501 252 2514 ⁴
275 2500 352 2528 Ram.
370 2509 451 2528 senza
470 2501 521 2528 l'in
1019 2504 1030 2520 ⁵
1049 2502 1125 2531 Ram.
1139 2510 1308 2537 promovere

245 2545 256 2563 2
274 2545 329 2573 PP.
348 2545 424 2573 Ram.
444 2547 485 2573 est
1020 2548 1030 2564 ⁶
1048 2547 1094 2575 ΒΥ.
1114 2547 1159 2575 Gr.
1179 2546 1240 2574 PM.
1259 2546 1357 2582 hiique
1375 2563 1407 2567 —
1432 2547 1509 2575 Ram.
1530 2547 1615 2583 hique

243 2591 255 2608 ³
274 2589 329 2617 PP.
349 2589 497 2625 refotam-et
1018 2593 1029 2608 ⁷
1048 2591 1110 2619 Cosi
1130 2592 1207 2619 Ram.
1227 2591 1272 2619 Gli
1291 2590 1357 2619 altri
1376 2592 1479 2620 electus

244 2635 254 2651 ⁴
274 2634 321 2662 ΒΓ.
341 2634 386 2662 Gr.
408 2634 467 2662 PM.
487 2643 569 2663 senza
589 2644 645 2663 nec.
