1845 3076
777 182 916 206 nrisrom
1544 172 1600 204 187

92 268 257 309 quidpiam
277 266 517 304 intercurrebat,
538 265 753 297 communibus
774 267 912 297 omnium
934 266 1012 297 votis
1039 266 1234 298 desideratus
1262 269 1316 297 est.
1345 265 1392 296 De
1420 265 1548 302 caeteris,
1569 266 1605 295 ut

93 325 244 366 pleraque
264 334 321 364 per
342 333 413 355 eum
433 323 543 360 solum,
564 323 610 354 ita
630 323 748 362 absque
769 333 805 354 eo
819 322 888 353 fieri
903 323 981 353 nihil
996 324 1163 354 consuevit.
1181 323 1399 362 Quamobrem,
1414 322 1471 353 etsi
1487 322 1601 353 durum

93 385 141 414 est
162 381 252 414 nobis
273 392 309 413 eo
329 391 446 418 carere,
468 381 522 421 qui
552 380 736 420 superstites
755 389 870 417 311111113,
892 384 999 411 tamen
1027 381 1073 411 ita
1101 384 1242 412 mortuus
1270 383 1326 419 est,
1347 385 1384 411 ut
1411 378 1602 411 111011111111111ι

89 439 266 480 perciperet
286 438 344 470 1100
362 441 502 478 tempore
524 438 662 468 fructum
681 447 805 468 suorum
828 437 981 476 laborum,
1003 439 1067 469 sive
1094 437 1230 475 illorum,
1250 447 1327 478 quos
1355 437 1454 477 longis
1481 439 1599 476 tempo-

91 496 177 528 ribus
203 496 289 536 prius
309 494 447 527 docendo
466 494 608 534 pertulit,
630 494 692 525 sive
713 494 823 526 horum
836 495 846 511 ²
876 504 953 534 quos
973 495 1136 526 novissime
1158 495 1189 525 111
1211 495 1269 526 hoc
1289 494 1460 526 Concilium
1484 504 1541 534 pro
1560 503 1607 525 re-

92 552 324 594 dintegranda³
346 552 483 584 Ecclesia
503 552 644 583 contulit.
668 551 756 583 Vidit
776 553 859 584 enim
880 563 942 584 uno
962 555 1104 592 tempore
1129 555 1176 584 tot
1199 552 1367 592 discipulos
1385 562 1464 591 suos,
1480 562 1518 583 ex
1539 555 1606 583 toto

93 610 168 643 orbe
190 613 347 642 terrarum
368 610 401 640 in
423 619 520 640 unum
541 609 643 640 10011111
664 611 866 650 congregatos
887 609 943 649 qui
964 609 1094 641 diversis
1117 610 1320 649 temporibus,
1336 609 1493 641 audiendo
1513 609 1606 640 eum⁴

92 666 295 708 profecerant
305 668 326 705 ⁵,
349 668 465 707 quique
496 667 535 698 ad
557 667 658 698 varias
679 666 858 707 dignitates,
880 667 992 697 merito
1021 677 1083 697 suae
1109 666 1268 704 doctrinae,
1290 667 1423 706 promoti
1449 669 1549 703 erant,
1571 668 1608 697 ut

91 735 155 757 non
179 728 297 756 temere
319 725 406 765 prae⁶
426 724 579 761 omnibus,
601 724 655 764 qui
676 724 708 754 in
731 723 866 755 Concilio
888 727 989 761 erant,
1011 724 1138 763 gloriari
1159 727 1271 763 posset,
1286 734 1318 754 se
1346 734 1442 754 111111111
1463 734 1537 761 0330,
1551 724 1606 764 qui

88 785 136 814 tot
158 785 324 822 tantosque
343 781 423 813 filios
436 782 469 812 in
485 781 630 813 doctrina
645 781 812 821 genuisset,
827 791 925 821 eaque
939 780 1038 821 gloria
1052 791 1158 812 omnes
1173 783 1328 812 anteactze
1343 781 1415 812 vitae
1430 780 1607 821 voluptates

87 839 158 880 jure
171 839 181 856 ⁷
213 839 277 870 visa
299 839 340 870 sit
361 848 520 878 superare.
543 838 630 869 Vidit
650 839 780 878 insuper
799 838 882 878 quod
903 841 972 869 erat
994 838 1026 868 in
1048 838 1141 869 rebus
1168 838 1261 878 hujus
1284 837 1414 869 Concilii
1437 838 1605 869 maximum

91 898 240 938 factuque
253 898 264 914 ⁸
285 896 512 933 difficillimum,
534 906 645 927 vacare
668 896 752 936 apud
773 905 880 927 omnes
902 895 1104 935 apostolicam
1124 896 1238 934 sedem,
1255 899 1287 927 et
1313 906 1351 926 ex
1367 895 1469 927 tribus
1483 898 1607 926 conten-

90 954 237 986 dentibus
259 954 297 985 de
319 956 439 994 papatu
460 964 558 984 unum
586 953 712 993 quidem
733 955 842 993 sponte
869 953 1077 990 renunciasse,
1098 953 1234 993 reliquos
1263 962 1335 984 vero
1364 952 1440 984 duos
1468 952 1605 992 legitime

90 1012 185 1043 fuisse
205 1012 371 1052 depositos,
387 1030 425 1034 —
439 1014 573 1051 actaque
589 1013 703 1042 caetera
718 1011 862 1051 usquein
883 1010 966 1042 diem
988 1011 1091 1042 obitus
1112 1011 1168 1041 sui.
1192 1010 1251 1049 Qui
1272 1011 1330 1041 etsi
1351 1010 1440 1042 nobis
1459 1010 1608 1050 quidem⁹

92 1069 330 1110 intempestivus
350 1069 432 1100 visus
453 1072 508 1107 est,
531 1069 585 1108 qui
605 1079 674 1099 011111
697 1068 852 1108 praecipue
873 1068 1049 1104 dileximus,
1071 1068 1227 1099 communi
1249 1078 1322 1098 vero
1335 1067 1440 1105 saluti,
1457 1078 1526 1108 quae
1541 1078 1609 1108 per-

88 1137 172 1167 saepe
194 1137 365 1167 paucorum
386 1127 450 1157 vita
471 1126 658 1163 continetur,
674 1136 735 1156 non
751 1126 906 1156 immerito
922 1125 1090 1156 damnosus
1105 1126 1262 1165 apparuit.
1285 1125 1347 1165 lpsi
1367 1129 1450 1156 certe
1464 1125 1603 1162 obeunti,

88 1185 115 1216 si
136 1185 196 1216 rite
211 1186 231 1202 ¹⁰
254 1185 395 1216 volumus
416 1184 604 1221 existimare,
626 1183 777 1224 gloriosus
798 1184 910 1220 evenit,
933 1194 1029 1223 quum
1043 1184 1074 1220 ¹¹,
1095 1183 1249 1223 quidquid
1277 1182 1483 1214 desiderari¹2
1504 1186 1608 1222 potest

89 1242 170 1274 bene
192 1242 350 1279 morienti,
371 1241 411 1273 ad
434 1241 526 1281 hujus
546 1241 696 1280 temporis
717 1240 848 1281 gloriam
870 1241 974 1272 onmia
988 1242 1008 1257 ¹³
1030 1241 1095 1272 fere
1124 1241 1173 1272 vel
1200 1244 1285 1272 certe
1314 1241 1451 1271 maxima
1479 1241 1518 1272 sit
1547 1252 1609 1272 mo-

89 1299 201 1330 riendo
222 1300 476 1339 consequutus&
500 1298 718 1337 Quamobrem,
741 1299 767 1329 31
794 1308 895 1338 neque
924 1299 1081 1329 communi
1102 1309 1204 1338 neque
1226 1301 1333 1329 nostra
1359 1299 1493 1338 propria,
1514 1297 1608 1335 illius,

88 1359 195 1388 tamen
218 1367 313 1388 causa
334 1357 485 1388 consolari
507 1356 666 1393 debemus,
687 1366 726 1387 110
747 1359 803 1387 aut
824 1355 962 1386 invidere
975 1357 996 1372 ¹⁷·
1017 1355 1163 1387 felicitati
1191 1357 1258 1396 ejus
1286 1359 1341 1387 aut
1369 1356 1518 1396 injuriam
1546 1366 1607 1387 me-

91 1415 195 1445 moriae
218 1414 320 1445 facere
342 1414 513 1445 videamur.
536 1413 667 1452 Quando
680 1414 701 1430 ¹⁶
721 1414 803 1444 enim
824 1414 1003 1454 contingere
1032 1414 1078 1444 illi
1105 1417 1230 1454 poterat
1259 1425 1408 1454 umquam
1437 1414 1603 1454 gloriosius

90 1473 169 1503 mori
184 1482 279 1512 quam
294 1472 351 1503 11οο
365 1474 507 1512 tempore
527 1481 598 1502 011111
611 1472 631 1488 ¹⁷
654 1474 701 1502 est
720 1474 944 1511 congregatum
960 1471 1017 1502 1100
1031 1472 1176 1511 generale
1196 1471 1378 1508 Concilium,
1395 1482 1455 1511 quo
1473 1471 1608 1509 nullum,

91 1529 141 1561 vel
168 1529 292 1569 scriptis
320 1529 368 1560 vel
396 1529 547 1560 memoria
574 1529 745 1566 hominum,
775 1529 868 1560 fuisse
895 1529 1035 1559 traditur
1063 1529 1234 1569 insignium
1260 1529 1399 1560 virorum
1426 1529 1607 1569 frequentia

91 1587 190 1628 magis
212 1587 352 1618 celebre?
373 1586 464 1624 Nam,
485 1589 600 1627 praeter
622 1596 673 1617 eos
694 1587 748 1626 qui
770 1587 892 1626 praelati
913 1590 987 1617 sunt
1009 1586 1209 1617 eeclesiarum
1231 1589 1287 1617 aut
1307 1586 1509 1618 ecclesiastici
1531 1587 1600 1624 viri,

90 1645 229 1677 omnium
250 1645 378 1684 insuper
398 1655 508 1685 regum
528 1644 747 1675 cristianorum
761 1644 932 1685 legationes
946 1644 1069 1681 adsunt,
1086 1654 1190 1675 omnes
1207 1645 1271 1675 fere
1287 1645 1447 1684 principes
1466 1644 1608 1684 Europae,

90 1702 150 1742 ipsi
170 1702 297 1742 quidem
318 1703 505 1742 quandoque
520 1712 577 1742 per
597 1712 639 1741 se,
660 1712 717 1742 per
737 1702 870 1742 Legatos
891 1705 998 1733 autem
1025 1712 1158 1741 semper,
1183 1701 1406 1732 interfuerunt.
1430 1701 1607 1741 Imperator

90 1770 214 1800 quoque
236 1758 424 1797 Graecorum,
445 1760 499 1799 qui
521 1760 645 1790 nimis¹⁸
669 1759 818 1790 diuturno
846 1762 941 1799 atque
971 1759 1093 1790 utinam
1121 1770 1183 1790 non
1211 1762 1364 1799 perpetuo
1392 1759 1557 1790 schismate
1587 1769 1608 1790 a

92 1817 180 1848 nobis
209 1817 322 1848 divisus
350 1820 404 1854 est,
429 1817 583 1857 insignem
610 1817 799 1857 legationem
827 1817 877 1847 1110
905 1817 1086 1847 continuam
1115 1817 1235 1854 habuit,
1264 1827 1318 1857 spe
1345 1816 1606 1848 reconciliationis

91 1874 176 1913 data,
198 1874 344 1914 quodque
372 1875 470 1915 magis
497 1875 611 1905 mirum
639 1878 695 1913 est,
718 1875 813 1905 etiam
841 1875 971 1914 usqueff
993 1885 1031 1905 ex
1053 1874 1221 1914 Aethiopia
1242 1874 1370 1914 quidam
1391 1875 1538 1914 privatim
1565 1872 1607 1904 ad

91 1932 174 1963 tanti
195 1931 323 1963 Concilii
344 1932 460 1963 samam
481 1936 643 1963 venerunt.
665 1931 796 1962 Nullum
817 1932 996 1963 diuturnius
1019 1932 1113 1963 fuisse
1134 1935 1219 1963 certo
1240 1935 1373 1969 constat,
1389 1936 1425 1963 ut
1443 1932 1525 1972 quod
1537 1932 1606 1972 jam

91 1990 228 2021 triennio
262 1990 384 2030 integro
415 1990 625 2029 perseveravit
636 1990 666 2020 ¹⁰.
692 1989 802 2021 Nescio
828 2000 869 2021 an
894 1989 993 2020 ullum
1023 2000 1078 2029 pro
1106 1999 1201 2021 causa
1227 1989 1361 2030 graviori
1390 1992 1603 2026 convocatum,

90 2047 208 2087 quippe
230 2050 265 2078 ut
285 2047 460 2085 tolleretur,
482 2050 557 2078 ante
578 2047 691 2084 omnia,
713 2047 771 2078 hoc
790 2048 977 2087 pestiferum
999 2047 1141 2085 schisma,
1157 2047 1241 2087 quod
1258 2048 1325 2088 jam
1348 2057 1405 2087 per
1423 2046 1476 2077 XL
1496 2056 1604 2085 annOS,

91 2104 277 2136 clericorum
305 2105 464 2136 favoribus
486 2104 658 2145 studiisque
679 2105 845 2141 nutritum,
860 2105 892 2135 in
907 2114 1088 2136 consensum
1103 2104 1300 2136 saecularium
1316 2108 1347 2136 et
1362 2115 1471 2145 regum
1488 2107 1609 2135 mentes

102 2243 110 2260 ¹
131 2242 178 2271 Gr.
198 2243 251 2271 ΡΡ,
271 2243 405 2270 maxima}
868 2244 885 2260 ¹¹
908 2245 954 2271 Gr.
977 2243 1028 2270 Pr.
1049 2252 1137 2277 qnam

103 2287 114 2304 ²
133 2286 179 2314 Gr.
199 2286 254 2315 PP.
273 2286 393 2314 illorum
867 2288 887 2304 ¹2
908 2287 954 2315 Gr.
974 2287 1137 2322 dispensari

99 2332 111 2348 ³
131 2330 177 2359 Gr.
196 2331 252 2360 ΡΡ,
271 2331 479 2366 reinleyranda
868 2333 889 2349 ¹³
909 2331 963 2358 ΡΡ,
983 2332 1111 2359 omnium

99 2376 110 2393 ⁴
129 2375 176 2404 Gr.
197 2376 250 2403 ΡΡ,
270 2383 334 2403 eum
352 2376 496 2404 (mediando
868 2377 889 2394 ¹⁴
910 2377 964 2404 ΡΡ,
985 2377 1119 2411 consequi

99 2421 111 2437 ⁵
130 2419 177 2448 Gr.
196 2420 249 2447 ΡΡ,
263 2420 454 2454 profecerunt
866 2422 888 2438 ¹⁵
908 2422 954 2449 Gr.
977 2421 1107 2448 invideri.
1130 2421 1183 2448 ΡΡ,
1204 2421 1369 2448 invideatur

99 2465 110 2482 ⁶
131 2464 186 2492 ΡΡ,
201 2473 258 2499 pro
867 2466 888 2483 ¹⁶
908 2465 963 2493 ΡΡ,
983 2465 1055 2499 quid

99 2509 110 2526 ⁷
129 2508 185 2537 ΡΡ,
198 2510 272 2543 jura
867 2511 887 2527 ¹⁷
907 2509 961 2538 ΡΡ,
983 2512 1114 2544 tempore.
1138 2509 1209 2538 Cum

99 2554 111 2571 ⁸
130 2553 176 2582 Gr.
195 2553 360 2589 factumque
868 2556 888 2572 ¹⁸
908 2554 962 2582 ΡΡ,
985 2555 1080 2582 minus

99 2598 111 2615 ⁹
130 2597 177 2625 Gr.
197 2598 252 2633 ΡΡ,
270 2607 353 2626 senza
371 2599 487 2634 quidem
868 2600 889 2617 ¹⁹
908 2599 954 2627 Gr.
974 2601 1000 2627 et
1019 2608 1107 2634 usque

88 2642 110 2660 ¹⁰
129 2641 176 2670 Gr.
197 2642 252 2671 ΡΡ,
273 2645 346 2671 recte
865 2644 888 2661 ‘²⁰
908 2643 954 2671 Gr.
974 2644 1029 2672 ΡΡ,
1043 2645 1271 2679 perseveraverit
