1845 3076
262 154 300 183 413
895 162 920 184 P.
941 162 966 184 P.
989 161 1138 184 VERGERIO

260 246 459 276 consternata
473 254 571 284 paene
587 244 737 275 exanimis
750 244 847 282 stetit,
861 255 898 276 ac
911 244 1046 283 demum,
1059 254 1116 284 per
1126 245 1215 284 signa
1230 245 1344 275 certior
1359 243 1479 281 effecta,
1494 244 1550 275 illa
1564 253 1628 275 esse
1641 254 1769 276 suorum

260 302 401 332 membra
420 304 576 338 natorum,
597 311 651 332 seu
672 301 790 332 malum
809 302 914 333 animo
926 302 1136 341 praesagiens,
1157 302 1275 341 illique,
1297 312 1390 341 quem
1406 312 1504 332 unum
1525 311 1685 341 superesse
1701 311 1764 332 616-

258 358 384 395 debat¹‚
406 358 503 398 magis
521 359 588 398 jain
608 358 720 389 timens
731 359 751 395 ²,
776 358 839 389 sive
860 368 892 390 se
913 369 1006 398 super
1026 358 1079 389 illo
1094 359 1300 395 consolatura,
1322 358 1364 390 ad
1388 358 1479 398 pueri
1504 358 1656 389 lectulum
1671 358 1762 390 velut

259 425 366 446 amens
387 416 533 446 accurrit.
564 415 604 446 Et
626 426 718 456 quem
751 418 781 447 et
800 416 902 456 ipsum
934 416 1107 447 extinctum
1128 426 1200 447 cum
1232 415 1398 456 reperisset
1422 418 1520 456 atque
1552 416 1597 446 ita
1617 415 1766 454 lacerum,

260 472 476 512 magnitudine
508 472 622 504 doloris
655 473 747 510 victa,
782 473 977 513 aliquamdiu
1000 473 1067 504 sine
1086 483 1158 504 voce
1186 483 1224 504 ac
1254 473 1399 514 lacrymis
1430 473 1498 503 fuit.
1530 473 1663 503 Demum
1684 482 1767 510 vero,

257 529 375 560 viribus
396 529 572 569 resumptis,
605 540 675 560 611111
694 530 761 570 jam
783 540 947 570 erumpere
968 530 1106 561 dolorem
1127 539 1250 561 11666556
1271 533 1361 566 65561,
1390 530 1528 569 undique
1557 529 1647 560 fletui
1669 539 1705 560 ac
1723 529 1768 560 la-

258 587 372 617 mentis
392 586 503 618 fraena
523 586 656 624 relaxat,
688 590 783 627 atque
805 590 925 618 coactos
956 589 1046 618 natos
1067 597 1172 618 omnes
1204 587 1237 617 in
1266 587 1368 618 locum
1396 598 1494 618 unum
1521 597 1617 627 seque
1641 588 1651 603 ³
1673 596 1768 626 super

258 653 308 674 605
322 644 542 675 miserabiliter
555 644 686 684 plangit.
708 644 834 675 Interea
849 645 986 675 accum't
1000 644 1122 681 vicinia,
1143 647 1178 675 ut
1194 654 1267 675 rure
1282 645 1413 683 sparsim
1427 644 1625 681 habitabant,
1647 644 1768 684 magnis

258 700 382 731 vocibus
403 701 542 732 mulieris
563 702 664 732 exciti.
686 702 823 732 Advenit
842 704 874 733 et
894 705 994 741 pater,
1014 702 1118 733 subito
1139 702 1274 741 quodam
1295 701 1446 732 instinctu
1466 704 1577 738 motus,
1598 711 1672 731 nam
1686 700 1764 731 nihil

258 758 379 789 audisse
399 768 432 790 se
452 758 579 796 fatetur,
602 762 638 790 ut
653 759 752 799 ajunt.
776 758 836 797 Qui
857 769 928 790 cum
942 759 1068 790 vidisset
1082 759 1261 790 miserabile
1283 761 1430 790 natorum
1445 758 1670 798 spectaculum,
1691 768 1770 789 rem-

256 825 328 854 que,
350 818 386 846 ut
407 816 608 853 narrabatur,
640 816 788 854 audisset,
818 817 881 847 sive
903 827 941 847 ex
962 816 1068 848 dolore
1091 817 1186 848 nimio
1216 817 1249 847 in
1270 816 1406 848 furorem
1429 825 1602 853 conversus,
1623 815 1685 846 sive
1706 825 1769 846 non

263 882 370 903 carere
392 873 485 913 culpa
506 877 640 904 matrem
654 874 838 911 arbitratus
859 883 941 914 quae
954 874 1016 905 suis
1031 874 1175 905 manibus
1197 877 1288 905 natos
1302 874 1476 912 exussisset‚
1498 874 1585 904 illam
1599 883 1771 914 praegnan-

259 932 322 960 tem
343 932 379 960 ut
401 934 478 967 erat,
500 930 582 962 ferro
603 931 766 971 adgressus
788 931 957 968 interemit,
979 932 1118 971 duosque
1139 942 1201 962 11110
1222 931 1351 962 vulnere
1373 931 1508 962 sustulit.
1530 931 1634 970 Atque
1655 931 1681 961 is
1693 930 1769 970 ipse,

256 996 295 1017 ne
311 987 386 1026 quid
401 987 556 1018 malorum
577 987 706 1025 deesset,
727 998 788 1019 neu
803 988 813 1005 ⁴
828 988 866 1019 sit
882 989 1046 1028 quisquam
1062 998 1099 1019 ex
1114 999 1151 1020 ea
1165 989 1286 1020 familia
1305 990 1472 1028 superstes,
1493 988 1615 1018 vinctus
1635 988 1697 1018 huc
1718 987 1769 1018 de-

255 1043 367 1074 ductus
389 1047 444 1081 est,
469 1055 505 1075 ac
527 1045 663 1085 praesidi
685 1045 830 1083 traditus,
850 1046 1018 1085 capitalem
1039 1046 1220 1085 propediem
1241 1046 1429 1077 sententiam
1452 1048 1648 1086 excepturus.
1669 1045 1757 1076 Vale.

958 1335 1069 1366 XXXI.

620 1445 837 1476 ‚JOANNI
887 1445 1250 1477 BONONIENSI
1290 1446 1320 1477 S.
1361 1446 1396 1476 D.

732 1530 860 1558 PADUAE,
882 1530 912 1551 VI
935 1530 1003 1552 NON.
1027 1530 1165 1559 1111111115,
1190 1523 1275 1553 1396.

509 1596 571 1631 (Βν.
588 1605 621 1631 1).
644 1596 661 1624 5
686 1598 722 1630 †.,·
744 1613 774 1616 —
799 1596 849 1624 Gr.
870 1605 898 1624 n.
917 1597 979 1630 26,·
1000 1613 1030 1616 —
1052 1597 1123 1626 PM.
1144 1606 1165 1625 6.
1185 1598 1243 1630 64;
1265 1614 1296 1619 -
1317 1598 1379 1626 ΡΡ.
1400 1606 1427 1626 n.
1448 1598 1506 1632 50.)

331 1676 398 1706 Etsi
421 1685 524 1716 neque
546 1685 594 1707 res
617 1675 682 1707 ulla
695 1686 884 1715 magnopere
907 1676 1042 1715 subigat,
1057 1686 1158 1716 neque
1173 1679 1320 1716 suppetat
1334 1687 1416 1708 nunc
1431 1677 1538 1714 otium,
1554 1677 1636 1709 hanc
1652 1680 1764 1709 tamen

253 1733 292 1764 ob
315 1743 390 1770 rem,
412 1733 461 1764 vel
480 1733 578 1764 solam
594 1733 604 1750 ⁵
629 1733 828 1764 scribendum
853 1733 923 1770 fuit,
946 1744 986 1765 ne
1006 1736 1072 1765 tam
1094 1736 1197 1765 certus
1219 1734 1349 1765 nuntius
1370 1735 1435 1765 sine
1455 1735 1555 1765 literis
1575 1735 1652 1766 meis
1674 1735 1716 1766 ad
1733 1738 1766 1768 te

250 1791 320 1821 iret.
344 1790 384 1820 Et
405 1800 599 1830 quamquam
620 1791 668 1821 his
689 1791 849 1821 natalibus
871 1791 1018 1830 proximis
1036 1791 1207 1822 multorum
1228 1791 1351 1822 dierum
1367 1792 1599 1824 excusationem
1618 1793 1765 1833 implesse

252 1847 328 1878 mihi
349 1847 457 1878 videar
471 1848 490 1885 ὓ,
512 1847 638 1887 quando
659 1848 789 1889 singulis
810 1848 920 1879 diebus
942 1849 1085 1889 siwynlas
1105 1851 1163 1880 aut
1181 1859 1213 1880 eo
1235 1849 1371 1889 annilius
1393 1849 1501 1881 literas
1521 1849 1646 1888 dabam,
1668 1851 1763 1882 absti-

252 1915 327 1936 nere
347 1907 454 1936 tamen
474 1915 537 1936 non
558 1915 693 1945 possum,
707 1905 733 1936 si
755 1905 881 1945 quando
902 1905 1032 1936 nuntius
1053 1906 1245 1944 intercurrit,
1267 1908 1324 1937 aut
1337 1907 1506 1938 vacationis
1527 1907 1647 1947 aliquid
1658 1908 1764 1947 datur,

251 1962 328 2001 quin
345 1961 486 1993 scribam.
509 1962 618 1993 Tunc⁷
639 1962 723 1993 enim
733 1962 840 1994 videor
850 1963 928 1993 mihi
949 1966 1054 1994 tecum
1076 1973 1150 2000 esse,
1170 1965 1202 1994 te
1223 1963 1349 2002 intueri,
1371 1966 1403 1995 te
1428 1964 1556 2005 alloqui,
1579 1967 1612 1995 et
1631 1965 1758 1996 satieta-

251 2022 325 2057 tem,
346 2019 372 2049 si
394 2029 456 2059 qua
480 2030 519 2050 ex
540 2019 609 2050 aliis
629 2020 740 2051 studiis
771 2020 906 2060 irrepsit,
931 2021 1091 2060 praesenti
1114 2021 1276 2061 voluptate
1297 2021 1449 2052 1110111168.
1470 2021 1569 2062 quue
1587 2022 1665 2053 mihi
1686 2023 1764 2054 desi—

252 2076 374 2107 derium
397 2079 429 2107 et
449 2076 575 2108 videndi
609 2079 640 2108 te
665 2080 697 2108 et
717 2077 873 2109 scribendi
904 2081 1039 2118 augetur
1059 2078 1092 2109 in
1124 2077 1197 2109 dies.
1220 2077 1303 2109 Nam
1325 2089 1386 2118 quo
1408 2078 1525 2110 diutius
1545 2089 1566 2110 a
1585 2081 1618 2111 te
1643 2080 1765 2118 absum,

252 2143 377 2173 quoque
399 2133 520 2174 longior
543 2144 631 2165 mora
663 2134 847 2172 intercessit,
871 2138 1077 2175 posteaquam
1098 2136 1203 2167 videre
1224 2139 1256 2167 te
1277 2135 1363 2174 desii,
1393 2146 1428 2167 eo
1449 2137 1590 2176 quotidie
1610 2137 1708 2178 magis
1730 2139 1763 2169 et

251 2190 416 2222 convenire
438 2201 552 2229 coram,
567 2194 599 2222 et
613 2191 727 2230 videre,
740 2194 772 2223 et
783 2191 874 2223 affari
894 2192 1039 2224 voluntas
1058 2193 1202 2225 increscit
1213 2193 1234 2231 ⁹,
1248 2212 1287 2216 -—
1297 2193 1426 2234 jamque
1441 2194 1517 2225 mihi
1532 2194 1599 2225 sine
1616 2197 1648 2225 te
1662 2196 1764 2226 trans-

253 2250 352 2290 egisse
382 2250 483 2281 multa
509 2250 634 2281 saecula
661 2250 778 2288 videor,
802 2260 860 2281 1166
881 2251 1017 2282 triennio
1038 2253 1164 2282 tantum
1188 2251 1335 2289 abfuisse,
1357 2251 1411 2283 sed
1431 2251 1548 2283 infiniti
1568 2262 1669 2292 paene
1686 2255 1764 2284 tem-

251 2307 334 2346 poris
358 2307 508 2339 1161611610.
542 2308 587 2339 Ac
610 2310 779 2348 propterea
800 2308 1021 2339 constitueram
1049 2308 1107 2339 hoc
1124 2309 1304 2348 septembri,
1327 2308 1452 2349 quando
1477 2309 1589 2350 majori
1599 2309 1767 2342 vacatione

260 2418 264 2434 ¹
287 2417 334 2445 Gr.
354 2425 493 2452 superare
510 2418 641 2446 credebat
1028 2421 1038 2437 ⁶
1058 2419 1113 2448 ΡΡ.
1132 2418 1246 2446 videtur

256 2463 265 2478 ‘-'
290 2461 402 2489 Timere
414 2462 565 2497 qchyaiawz
578 2462 674 2496 alicui,
693 2463 793 2490 temere
807 2463 856 2491 che
869 2463 984 2498 qualche
1028 2465 1039 2481 ⁷
1057 2463 1104 2491 Gr.
1123 2472 1200 2491 mmo

283 2513 346 2533 cosa
364 2513 419 2533 11011
439 2506 534 2535 noccia
552 2506 586 2534 ad
605 2507 714 2535 alcuno.
1031 2509 1043 2526 ⁸
1061 2508 1107 2536 Gr.
1127 2507 1224 2536 moliri

255 2551 266 2567 ³
286 2549 338 2577 Nei
358 2550 443 2579 codici
461 2559 490 2578 se
508 2559 538 2579 se
1030 2553 1042 2569 ⁹
1060 2553 1106 2580 Gr.
1126 2553 1261 2581 accrescit

256 2594 265 2611 ⁴
286 2594 339 2622 ΡΡ.
360 2594 406 2622 Gr.
425 2603 476 2623 nec
1018 2598 1039 2615 ¹0
1057 2597 1109 2625 Nei
1129 2596 1215 2626 codici
1235 2599 1354 2627 aetatem

289 2638 335 2666 Gr.
354 2640 454 2667 omette
471 2640 516 2667 vel
534 2639 625 2668 solam
