1845 3076
734 176 872 200 EPlSTOLE
1520 171 1562 201 539

47 262 110 293 ‘aut
129 262 294 300 temperat.
315 259 355 291 Et
375 259 436 290 illis
457 259 594 299 quidem,
615 259 670 299 qui
694 259 741 290 ita
760 259 910 296 sentiunt,
933 259 1080 291 eveniunt
1111 260 1172 291 ista
1193 260 1233 292 ad
1254 270 1373 301 pacem,
1394 261 1435 292 ad
1455 271 1563 302 perpe-

52 319 204 357 tuamque
223 317 365 348 salutem.
388 315 528 348 Caeteris
549 325 630 354 vero,
652 315 715 356 qui,
737 315 775 347 de
796 325 828 347 se
849 319 1093 356 praesumentes,
1114 316 1152 347 de
1167 317 1226 348 Dei
1243 317 1436 358 benignitate
1456 328 1494 349 ac
1507 329 1558 358 po-

51 373 153 406 tentia
171 373 298 414 indigne
318 372 466 410 sentiunt,
487 372 555 412 ipsa
575 373 641 413 ejus
662 372 838 413 benignitas
858 373 891 404 in
913 373 1130 413 quotidianum
1151 374 1245 405 vertit
1266 375 1439 406 cruciatum
1462 379 1562 406 extre-

51 440 198 470 mamque
217 429 395 469 perniciem.
429 428 509 460 Nam
532 429 586 469 qui
612 429 619 445 ¹
647 429 765 470 judicio
785 429 910 469 proprio
932 432 964 461 et
984 430 1102 461 viribus
1131 431 1194 461 suis
1208 431 1219 447 ²
1240 431 1412 469 confidunt,
1445 441 1561 472 nequa-

51 496 146 528 quam
166 489 327 518 merentur
348 486 449 518 Deum
471 486 587 518 habere
608 486 789 526 propitium,
811 495 912 526 neque
933 486 1020 527 digni
1033 490 1116 524 sunt,
1138 490 1174 518 ut
1195 488 1238 518 eis
1249 488 1391 528 jucunda
1411 491 1467 520 aut
1480 488 1560 520 salu-

50 544 135 575 taria
155 543 235 575 fiant
255 543 337 575 bona
357 543 511 574 coelestia.
532 542 613 581 Quin
633 542 745 583 potius,
765 552 827 573 non
849 545 1102 583 recognoscentes
1117 544 1128 560 ³
1161 544 1315 575 beneficia
1326 544 1451 576 divinae
1473 546 1563 586 largi-

51 601 135 639 tatIs‚
155 600 390 642 ingratitudinis
421 610 490 632 reos
509 610 541 631 se
562 600 765 636 constituunt,
786 602 818 631 et
837 600 1054 640 inquietudine
1075 603 1230 641 perpetua
1260 605 1396 633 mentem
1418 603 1562 634 condem-

51 659 130 689 nant
153 657 172 688 ⁴.
195 657 281 689 Haec
301 658 341 688 sit
360 657 457 698 igitur
490 657 577 688 nobis
598 657 683 697 apud
704 657 806 688 Deum
823 657 911 697 justa
931 657 1021 695 ratio,
1042 658 1119 689 haec
1133 658 1233 689 oratio
1254 668 1311 698 per
1337 660 1473 698 positum
1489 660 1499 676 ⁵
1521 660 1561 691 ab

50 714 140 746 initio
161 715 294 746 duorum
315 714 458 754 exemplo
487 714 670 751 doctrinam,
690 714 833 754 praecari
853 715 945 752 bona,
967 715 1129 755 deprecari
1150 715 1243 753 mala,
1269 715 1307 747 de
1329 715 1418 747 bonis
1438 716 1558 756 gratias

47 781 143 812 agere
163 772 246 812 quod
267 771 363 809 dedit,
385 771 424 802 de
446 771 535 802 malis
555 771 672 812 gratias
694 781 786 812 agere
807 771 891 811 quod
912 772 1020 811 peiora
1040 782 1102 803 non
1123 772 1219 803 dedit.

738 1013 881 1045 XXVIII.

58 1124 167 1161 (Bnp.
181 1125 239 1158 233
251 1141 287 1144 —
299 1124 370 1153 PM.
384 1134 406 1153 c.
420 1124 477 1159 883
496 1140 521 1143 —-
535 1124 597 1152 ΡΡ.
611 1132 639 1152 η.
653 1124 729 1157 107,·
744 1141 775 1144 -—
796 1125 825 1153 V.
840 1133 916 1159 pure
928 1125 995 1153 Rev.
1015 1124 1097 1153 Uniz:
1111 1125 1148 1153 A.
1163 1125 1215 1153 IX
1226 1126 1279 1153 rol.
1295 1125 1436 1161 XXIII).
1452 1126 1552 1161 427.ss

131 1214 141 1230 ⁷
154 1214 218 1254 Ego
239 1223 337 1254 quum
350 1213 471 1250 scirem,
493 1212 614 1244 nullam
628 1212 762 1244 inveniri
782 1215 906 1244 tantam
919 1213 1130 1244 innocentiam
1145 1214 1155 1229 ὃ
1177 1223 1273 1253 posse,
1295 1223 1375 1253 quae
1389 1213 1537 1245 adversus
1551 1214 1562 1230 ‘³

52 1271 350 1311 improbissimorum
370 1271 531 1301 hominum
549 1270 778 1310 malignitatem
794 1280 1019 1310 usquequaque
1040 1273 1111 1302 tuta
1124 1271 1173 1309 sit,
1195 1270 1315 1302 nullam
1330 1274 1396 1302 tam
1412 1271 1563 1302 humilem

52 1337 116 1359 esse
138 1328 399 1368 fortunam‚quae
420 1327 556 1358 invidiae
577 1338 615 1358 ex
635 1330 726 1367 parte
744 1327 850 1367 aliqua
871 1337 932 1358 nou
953 1330 1062 1367 pateat
1075 1329 1105 1365 ¹⁴³,
1120 1328 1165 1359 ita
1186 1338 1234 1359 me
1255 1337 1436 1368 comparare
1458 1328 1564 1359 studui

49 1385 82 1416 in
102 1385 176 1425 vita,
197 1388 232 1416 ut
253 1385 357 1426 pravis
378 1384 504 1425 quidem
519 1384 623 1424 potius
639 1394 735 1415 essem
752 1384 873 1416 alienus
887 1395 982 1425 quam
997 1385 1154 1422 adversus,
1176 1385 1398 1423 contentiones,
1412 1395 1448 1416 ac
1460 1385 1530 1416 lites
1544 1386 1561 1402 ¹¹

50 1442 180 1483 fugiens.
201 1442 292 1474 Dona
308 1451 380 1473 vero
394 1442 539 1472 fortunae
560 1441 585 1471 si
607 1452 670 1481 qua
681 1441 758 1472 mihi
771 1441 878 1472 adesse
891 1441 1082 1479 viderentur,
1103 1442 1146 1472 eis
1160 1442 1205 1473 ita
1216 1443 1238 1458 ¹²
1259 1443 1397 1473 modeste
1413 1452 1449 1473 ac
1462 1442 1564 1473 sobrie

50 1503 166 1537 uterer,
188 1502 224 1530 ut
237 1509 299 1531 non
310 1499 402 1530 facile
417 1501 540 1538 possent
555 1499 576 1516 ¹³
591 1498 744 1530 malorum
759 1499 919 1529 hominum
932 1499 1081 1530 invidiam
1098 1499 1235 1530 excitare
1251 1499 1280 1530 ¹⁴.
1303 1499 1434 1539 Propria
1448 1510 1520 1530 vero
1538 1500 1564 1529 si

50 1557 127 1588 mihi
137 1559 237 1588 essent
252 1556 349 1588 animi
363 1556 514 1587 interiora
525 1556 616 1593 bona,
628 1555 718 1587 facile
730 1558 857 1596 paterer
868 1556 1111 1587 aemulationem
1122 1556 1142 1573 ¹⁵
1152 1559 1349 1587 caeterorum
1359 1557 1394 1586 in
1406 1567 1455 1587 me
1467 1559 1563 1597 atque

49 1614 124 1654 ipsis
143 1614 279 1645 accendi.
302 1613 385 1645 Nam
400 1613 509 1644 virtuti
529 1613 655 1654 quidem
671 1623 732 1644 non
746 1612 926 1644 invidentur
941 1613 1025 1650 mali,
1040 1613 1094 1644 sed
1111 1613 1264 1645 fortunae.
1286 1614 1443 1645 Bonorum
1458 1624 1531 1645 vero
1543 1615 1563 1630 ¹'²'

50 1671 177 1708 invidia,
207 1672 232 1702 si
252 1671 298 1702 ita
328 1670 488 1711 appellare
511 1681 579 1701 eam
602 1670 683 1707 licet,
707 1669 834 1701 minime
857 1670 996 1709 molesta,
1020 1673 1074 1702 est.
1098 1670 1146 1702 Sic
1168 1671 1207 1702 de
1227 1681 1277 1702 me
1303 1671 1430 1711 quidem
1452 1671 1563 1701 veliem

52 1738 117 1760 esse
136 1738 232 1768 posse.
254 1727 313 1760 Sed
334 1738 450 1765 vereor,
479 1738 518 1758 ne
539 1731 570 1758 et
590 1728 656 1768 ipse
677 1727 780 1765 fallar,
802 1731 834 1759 et
854 1727 963 1759 fallam
985 1731 1132 1766 caeteros,
1154 1728 1287 1768 probum
1308 1739 1357 1759 me
1382 1731 1439 1759 aut
1461 1728 1563 1759 existi-

51 1795 139 1817 mans
160 1789 215 1817 aut
235 1785 405 1826 appellans.
427 1784 564 1816 Studebo
596 1795 645 1816 me
666 1787 774 1816 tamen
802 1795 863 1816 non
884 1785 1002 1816 malum
1024 1785 1127 1817 dicere
1151 1788 1207 1817 aut
1235 1788 1321 1816 certe
1343 1796 1405 1817 non
1421 1786 1442 1802 ¹⁷
1463 1785 1565 1816 minus

51 1843 176 1875 malum.
200 1842 248 1874 Sic
270 1843 352 1874 enim
372 1843 478 1874 dicens
499 1852 555 1874 nec
576 1842 664 1874 bonis
684 1842 821 1873 mendax
843 1852 900 1874 nec
920 1843 1011 1874 malis
1033 1853 1182 1883 arrogans
1203 1842 1301 1873 videri
1329 1843 1436 1874 debeo.
1461 1842 1564 1873 Virtu-

51 1902 119 1931 tum
134 1900 156 1917 ¹⁸
177 1910 249 1931 vero
265 1900 489 1940 doctrinaeque
502 1900 523 1916 ¹⁹
544 1899 728 1937 studiosum,
750 1902 855 1940 atque,
878 1900 961 1940 quod
983 1900 1023 1931 ad
1039 1902 1163 1932 caetera
1177 1900 1300 1937 attinet,
1323 1903 1354 1932 et
1370 1900 1466 1931 animi
1487 1900 1564 1930 laeti

53 1960 86 1989 et
105 1957 196 1989 facile
211 1958 233 1974 ²⁰
253 1957 393 1988 contenti
412 1957 521 1997 paucis
541 1956 749 1988 mediocribus
751 1981 867 1988 ......
891 1957 911 1973 ‘³¹

63 2078 69 2095 ¹
92 2076 147 2106 ΡΡ.
161 2077 296 2112 Namque
831 2078 851 2094 ³¹¹
869 2077 924 2105 ΡΡ.
938 2077 1071 2112 prodiret

61 2121 73 2139 ⁴³
92 2121 160 2149 Reff.
178 2121 289 2149 viribus
306 2121 376 2154 suis,
395 2120 434 2156 gli
453 2119 518 2148 altri
537 2121 674 2148 omettono
687 2119 749 2148 suis
827 2122 847 2139 ¹¹
869 2121 921 2149 Nei
939 2121 1042 2149 codici:
1061 2122 1250 2150 contentionis
1268 2131 1301 2150 ac
1321 2122 1417 2149 litium

61 2166 73 2183 ³
91 2165 157 2194 Reff.
176 2174 235 2193 non
247 2166 443 2200 eoynoscentes
828 2166 850 2183 ¹2
870 2165 952 2193 Bern.
972 2166 1008 2194 iis
1026 2166 1068 2194 ita

63 2210 73 2227 ⁴
91 2209 158 2237 Reff.
178 2209 378 2242 condemnant,
396 2207 436 2244 gli
454 2208 520 2236 altri
538 2209 734 2237 condanmant
827 2211 848 2227 ¹³
866 2209 928 2237 PM.
940 2210 1056 2245 possint

62 2255 72 2274 ⁵
91 2253 146 2282 ΡΡ.
165 2253 246 2282 Haec
258 2253 358 2281 oratio.
377 2252 430 2281 Nei
448 2251 536 2281 codici
546 2253 724 2288 propositam
824 2253 846 2272 ¹4
865 2254 947 2282 Bern.
958 2255 1057 2283 omette
1068 2254 1077 2283 i
1083 2254 1189 2290 periodi
1200 2254 1463 2290 daProprmaSed
1470 2262 1567 2283 vereor

63 2298 76 2318 ⁶
94 2298 176 2327 Bern.
189 2298 271 2326 nota:
293 2310 304 2321 ι
317 2297 357 2325 La
369 2297 500 2333 seguente
513 2297 612 2325 lettera
621 2296 788 2332 all'impera-
826 2299 847 2316 ¹⁵
865 2298 919 2326 Nei
938 2299 1040 2328 codici:
1060 2300 1265 2328 aenmlatorem

85 2343 142 2371 tore
169 2342 356 2378 Sigismond0‚
385 2341 452 2369 ch'e
470 2341 499 2369 la
516 2342 616 2376 quarta
635 2341 677 2369 fra
696 2341 785 2377 quelle
822 2344 843 2360 ¹⁶
863 2342 923 2371 PM.
944 2352 1003 2371 non
1022 2352 1070 2379 per
1089 2352 1155 2372 vero

85 2386 294 2422 indirizzategli‚
323 2385 373 2413 che
392 2385 515 2414 esistono
534 2385 580 2413 nel
598 2385 696 2414 Codice
716 2385 789 2414 della
826 2388 846 2404 ¹⁷
866 2386 921 2415 ΡΡ.
940 2396 954 2415 e
974 2388 1054 2416 Rern.
1074 2390 1213 2416 omettono
1232 2388 1251 2415 il
1272 2397 1331 2415 non

86 2431 237 2465 Marciana,
250 2429 336 2466 valga
345 2439 362 2458 a
373 2430 535 2458 dimostrare
546 2429 663 2457 l'indole
676 2438 690 2457 e
700 2438 716 2458 a
727 2437 786 2465 por·
824 2432 845 2448 ¹⁸
864 2431 919 2460 ΡΡ.
946 2431 1084 2460 Virtutem
1096 2442 1105 2465 ;
1126 2432 1206 2460 Bern.
1226 2432 1342 2460 virtutis

85 2484 148 2512 gere
157 2475 273 2511 qualche
283 2474 397 2504 nozione
409 2474 483 2502 della
496 2473 555 2502 vita
565 2474 608 2501 del
621 2474 760 2510 Vei-gorio.
775 2487 784 2497 ι»
826 2477 847 2493 ¹⁹
867 2475 920 2503 ΡΡ.
943 2476 1088 2504 doctrinae
1103 2485 1189 2511 quam

62 2521 74 2538 ⁷
93 2519 174 2548 Bern.
187 2519 325 2554 principia
337 2527 389 2547 con
403 2518 524 2554 pantini,
543 2526 617 2547 come
632 2519 789 2553 precedesse
826 2520 849 2537 2⁰
868 2519 922 2547 ΡΡ.
942 2520 1025 2553 sacili

86 2562 167 2592 altro.
826 2564 847 2581 ²¹
868 2563 894 2592 Il
906 2566 979 2592 resto
993 2572 1100 2592 manca.
1121 2564 1202 2592 Bern.
1217 2565 1245 2593 fa
1257 2566 1375 2602 seguire,
1388 2567 1459 2602 dopo
1472 2567 1481 2595 i
1495 2577 1568 2604 pun-

63 2609 75 2626 S
93 2608 174 2636 Bern.
194 2607 307 2636 tandem
326 2607 519 2636 innocentiam
863 2608 925 2642 tini,
943 2616 1018 2636 come
1031 2610 1110 2643 parte
1129 2609 1157 2636 di
1169 2611 1267 2643 questa
1279 2610 1377 2639 lettera
1396 2611 1489 2641 l’altra
1506 2612 1567 2649 Quo

63 2651 76 2672 9
93 2652 148 2680 PP.
167 2651 237 2680 adeo
254 2652 286 2680 in
859 2652 953 2687 mayis
971 2660 1002 2680 ex
1022 2651 1086 2680 Cod.
1106 2652 1152 2682 ΒΓ.
1171 2660 1197 2688 p.
1217 2653 1251 2682 46
1270 2656 1289 2682 t.
