1845 3076
730 165 867 189 Er1sr0LE
1515 158 1553 188 45

46 249 262 290 integritatem
282 251 378 289 atque
399 248 615 286 constantiam,
631 249 752 280 sincere
768 259 846 280 amo.
869 248 956 280 Vale.
979 249 1019 280 Et
1040 259 1116 289 quos
1136 249 1253 281 Romae
1274 249 1354 281 nosti
1374 249 1422 281 tui
1437 249 1553 280 similes

47 306 128 337 idest
148 306 262 346 probos
282 306 371 343 viros,
393 305 441 337 his
461 315 510 336 me
531 305 714 336 commenda
730 305 747 336 ¹.

126 362 212 394 Haec
231 372 302 394 cum
322 362 363 393 ad
383 364 415 394 te
435 362 632 402 scripsissem,
655 363 687 392 et
707 361 945 394 tabellariorum
970 363 1087 394 occasio
1102 363 1199 394 mihi²
1221 362 1391 401 defecisset,
1412 373 1551 403 superes-

46 421 156 460 setque
177 429 215 451 ex
235 428 271 450 eo
292 419 368 450 mihi
388 419 509 460 longior
528 418 684 450 scribendi
705 418 848 458 facultas,
868 429 906 450 ea
920 421 1049 459 propter
1063 429 1151 450 casus
1164 420 1328 461 cujusdam
1351 420 1554 452 infelicissimi

47 477 168 514 seriem,
189 476 239 508 hic
260 477 382 507 noviter
403 476 530 513 occursi,
562 476 603 507 ad
623 478 655 507 te
676 475 813 507 scribere
844 476 951 514 statui,
983 485 1023 507 ne
1044 476 1069 507 si
1091 476 1172 508 forte
1192 477 1254 508 alio
1275 477 1382 517 quovis
1402 477 1492 509 modo
1512 477 1553 509 ad

46 543 140 565 aures
159 536 231 564 tuas
252 533 451 571 convolasset,
473 532 551 564 data
582 533 640 564 tibi
661 533 700 564 de
722 542 771 564 me
792 532 901 564 fuisset
922 532 1110 574 objurgandi
1140 532 1283 565 facultas.
1305 553 1343 556 —
1365 534 1461 566 Casus
1481 544 1554 574 ergo

47 590 121 622 talis
141 593 196 622 est.

127 647 260 679 Colonus
281 649 350 678 erat
370 657 431 678 non
453 647 561 687 procul
581 647 655 677 hinc
675 646 830 684 habitans,
846 647 877 677 in
892 647 939 677 his
960 646 1033 678 locis
1050 657 1129 687 quae
1145 647 1372 679 Gambarariae
1393 647 1552 685 dicuntur,

52 705 92 736 de
113 705 244 736 caeteris
259 704 396 745 quidem,
416 706 569 744 quantum
584 705 738 744 agrestem
753 703 947 744 opulentiam
961 704 1080 742 deceat,
1100 705 1175 735 satis
1188 705 1340 745 locuplex,
1362 708 1430 736 tum
1445 715 1519 737 vero
1544 706 1554 721 ³

51 765 84 793 et
105 772 211 799 uxore,
233 761 279 792 uti
295 761 468 798 constabat,
496 761 650 793 foecunda
671 763 703 792 et
716 760 818 792 tribus
840 771 878 792 ex
892 771 929 792 ea
949 761 1055 793 liberis
1071 761 1181 799 laetus,
1203 763 1344 802 quisunt
1365 762 1437 793 huic
1448 763 1555 802 generi

48 818 209 851 hominum
230 828 361 859 magnae
387 818 525 857 divitiae,
556 828 618 849 non
638 821 746 849 tamen
776 821 812 849 ut
831 818 994 859 cujusdam
1024 828 1132 850 eorum
1153 821 1229 849 tunc
1260 819 1307 849 uti
1328 829 1423 859 opera
1443 822 1554 859 posset,

48 886 121 907 nam
143 886 223 907 unus
244 875 370 916 quidem
391 875 595 916 bajulabatur
609 875 618 891 ⁴¹
640 875 752 913 adhuc,
774 875 888 915 reliqui
903 875 965 907 duo
990 875 1120 906 masculi
1134 878 1225 907 erant
1248 875 1302 907 sed
1317 876 1328 893 ⁵
1350 876 1395 907 ita
1416 878 1452 906 ut
1467 876 1555 915 quin-

48 933 219 973 quennium
251 935 364 964 neuter
384 933 569 963 excessisset.
602 932 632 963 Is
652 942 723 963 cum
743 932 866 972 pridem
880 933 900 971 ⁶,
931 933 1101 973 juvencum
1121 935 1297 970 castrasset,
1329 943 1422 972 quem
1444 935 1550 963 aratro

47 989 268 1027 destinaverat,
289 989 330 1021 ad
351 990 502 1020 rusticum
522 999 599 1029 opus
620 999 658 1021 ex
679 1000 765 1021 more
785 992 942 1029 properat,
962 999 1162 1030 uxoremque,
1185 990 1272 1030 cujus
1297 1000 1354 1030 ope
1375 992 1451 1021 tunc
1472 991 1552 1022 forte

48 1057 125 1087 opus
145 1047 292 1085 habebat,
314 1047 401 1087 sequi
431 1057 463 1078 se
479 1047 581 1087 jussit.
610 1047 687 1078 Abit
706 1047 803 1087 igitur
824 1049 856 1078 et
875 1047 940 1084 illa,
972 1047 1043 1078 solis
1064 1047 1148 1078 domi
1168 1047 1284 1078 relictis
1309 1048 1401 1085 natis,
1422 1048 1554 1087 parvulo

47 1107 84 1136 ut
103 1104 263 1141 dormiret,
284 1104 413 1144 reliquis
429 1106 463 1135 ut
483 1104 530 1135 illi
549 1114 670 1135 somnos
684 1104 747 1136 leni
762 1106 848 1135 motu
869 1104 989 1135 ventuli
1011 1107 1218 1144 procurarent
1230 1105 1249 1135 ⁷.
1273 1104 1332 1142 Qui
1356 1105 1486 1143 interea,
1508 1116 1558 1137 ne-

49 1162 111 1193 scio
142 1172 206 1202 qua
233 1162 320 1193 ducti
343 1164 458 1199 mente,
478 1162 542 1193 sive
563 1161 675 1199 cultro,
695 1171 757 1201 quo
778 1162 882 1193 fuerat
903 1163 992 1201 pater
1014 1162 1046 1192 in
1067 1171 1178 1201 pecore
1199 1172 1281 1199 usus,
1313 1162 1464 1194 admoniti
1484 1173 1557 1194 nam

48 1221 168 1250 temere
184 1219 269 1250 humi
278 1219 414 1259 jacebat,
438 1219 501 1250 sive
517 1219 655 1259 cirugiae
669 1219 679 1235 ‘³
696 1218 780 1249 illius
791 1229 952 1256 memores,
973 1222 1069 1258 atque
1083 1219 1162 1256 ideo,
1186 1222 1220 1250 ut
1235 1222 1281 1250 est
1294 1222 1390 1257 aetas,
1411 1220 1557 1251 imitandi

47 1276 141 1307 avida
161 1277 249 1317 (nam
268 1277 346 1307 haec
366 1276 470 1307 omnia
490 1276 670 1316 conjectura
691 1276 837 1316 consequi
859 1277 995 1316 oportet)
1026 1276 1046 1313 ⁰,
1068 1276 1100 1306 in
1123 1277 1210 1307 cunis
1219 1277 1338 1316 jacenti
1359 1287 1456 1317 puero
1477 1278 1559 1317 geni-

46 1333 124 1364 talia
145 1333 340 1373 praecidunt,
356 1336 451 1373 atque
472 1334 659 1373 impotentes
673 1332 791 1364 ferrum
812 1343 906 1364 manu
928 1343 1045 1373 gerere,
1067 1343 1119 1365 eas
1135 1336 1239 1373 partes
1255 1334 1391 1374 turpiter
1404 1334 1555 1371 lacerant,

48 1393 81 1421 et
100 1391 202 1422 denuo
224 1400 357 1430 puerum
378 1393 499 1430 tegunt,
521 1390 575 1430 qui
595 1391 656 1421 cito
677 1393 709 1421 et
730 1390 836 1421 dolore
858 1393 889 1421 et
910 1390 1009 1421 multo
1029 1391 1188 1431 sanguinis
1214 1390 1301 1421 fluxu
1324 1391 1480 1422 extinctus
1502 1394 1556 1422 est.

47 1447 99 1478 Illi
120 1457 200 1484 vero,
223 1448 271 1479 vel
292 1447 424 1479 stridore
445 1447 574 1478 infantis
596 1447 645 1477 vel
668 1449 783 1478 natura
803 1447 870 1487 ipsa
892 1450 1047 1484 monente,
1069 1450 1134 1478 tam
1155 1448 1230 1478 tetri
1251 1448 1310 1479 sibi
1326 1448 1470 1479 facinoris
1491 1459 1559 1480 con-

46 1505 111 1542 scii,
132 1504 231 1537 latere
246 1505 416 1544 cupientes,
437 1505 469 1534 in
484 1504 653 1541 clibanum,
675 1505 728 1544 qui
750 1505 833 1535 domi
848 1504 1021 1545 adjacebat,
1043 1515 1074 1535 se
1100 1505 1284 1541 immittunt,
1298 1505 1425 1537 idoneas
1442 1506 1463 1522 ¹⁰
1484 1506 1559 1537 late-

47 1562 121 1593 bras
141 1562 297 1599 arbitrati,
330 1562 383 1593 ubi
405 1562 501 1592 etiam
533 1561 599 1592 ludi
620 1562 722 1602 gratia
753 1572 785 1592 se
807 1561 950 1593 solebant
971 1561 1130 1593 interdum
1151 1562 1301 1593 occulere.
1327 1563 1432 1602 Atque
1454 1563 1499 1594 ita
1520 1574 1558 1594 ex

47 1619 186 1660 longiore
208 1629 304 1657 mora,
327 1622 363 1650 ut
384 1629 442 1659 par
470 1622 517 1651 est
539 1619 728 1656 existimare,
749 1619 781 1649 in
803 1629 945 1650 somnum
967 1619 1091 1650 solvunt
1106 1620 1136 1650 ¹¹.
1166 1619 1258 1650 Redit
1279 1620 1336 1651 sub
1358 1620 1436 1651 haec
1457 1623 1558 1652 mater

49 1679 80 1707 et
100 1676 203 1708 studio
223 1677 269 1708 rei
290 1676 453 1708 familiaris
475 1679 506 1707 et
526 1678 670 1708 materna
690 1676 809 1716 pietate
823 1679 978 1713 revocata,
999 1678 1155 1716 quatenus
1171 1677 1192 1693 ¹²
1213 1679 1244 1707 et
1258 1680 1384 1708 curaret
1405 1680 1504 1715 natos,
1526 1681 1557 1709 et

48 1734 146 1774 (quod
161 1734 181 1751 ¹³
196 1733 358 1765 imminere
372 1733 586 1774 praeviderat)
603 1734 692 1774 panis
705 1733 863 1765 defectum
884 1736 1048 1773 repararet
1063 1734 1093 1764 ¹⁴.
1115 1734 1228 1774 Itaque
1243 1745 1314 1765 cum
1334 1735 1490 1766 infantem
1510 1738 1555 1766 ta>

48 1793 170 1822 centem
190 1791 365 1831 reperisset,
388 1792 523 1832 sopitum
545 1793 625 1828 rata,
647 1791 726 1822 nihil
741 1791 826 1822 ultra
841 1791 862 1808 ¹5
884 1791 922 1822 de
938 1801 1034 1831 puero
1049 1791 1182 1823 sollicita
1203 1792 1317 1830 extitit,
1331 1792 1385 1824 sed
1407 1793 1558 1833 protinus,

52 1849 219 1880 contractis
239 1848 392 1887 fomentis,
414 1859 494 1889 quae
515 1849 653 1880 subitum
674 1849 778 1889 ignem
799 1849 925 1880 exalare
947 1852 1044 1888 atque
1072 1849 1156 1880 alere
1183 1852 1316 1890 possent,
1345 1850 1473 1881 furnum
1494 1861 1558 1881 suc-

46 1899 166 1943 cendit,
187 1908 320 1946 tempus,
343 1917 404 1946 quo
424 1906 497 1938 foris
513 1907 681 1943 restiterat,
697 1906 867 1937 domestica
882 1909 1026 1946 satagens
1041 1906 1208 1938 sedulitate
1223 1917 1399 1947 repensare.
1418 1907 1470 1938 Illi
1483 1918 1559 1939 som-

50 1973 90 1994 no
112 1964 242 1995 fortasse
264 1966 320 1995 aut
341 1963 426 1994 fumo
447 1964 561 2000 obruti,
584 1963 752 2003 nequivere
766 1964 870 2002 matri,
892 1963 1032 2004 alioquin
1060 1964 1230 2002 festinanti,
1251 1964 1394 2005 nihilque
1414 1965 1478 1995 tale
1500 1975 1560 1996 me—

49 2021 162 2058 tuenti,
182 2021 330 2052 inditium
350 2020 389 2052 de
410 2031 442 2051 se
463 2021 574 2052 facere.
598 2020 642 2051 Ea
665 2030 746 2059 vero,
767 2030 838 2051 cum
851 2021 916 2061 jam
937 2020 1042 2052 omnia
1057 2024 1207 2061 parasset,
1229 2021 1385 2062 velletque
1407 2032 1512 2053 arcam
1528 2023 1558 2059 ¹⁶,

51 2077 85 2108 in
105 2088 201 2118 quam
223 2081 292 2109 erat
312 2079 401 2118 panis
420 2077 646 2115 immittendus,
661 2087 807 2118 purgare,
822 2078 922 2117 primo
942 2078 1083 2109 nidorem
1098 2078 1213 2110 mirata
1234 2081 1289 2116 est,
1311 2079 1365 2118 qui
1379 2089 1472 2110 nares
1494 2080 1560 2119 ejus

48 2134 173 2166 insolite
196 2135 338 2166 feriebat.
372 2135 501 2173 Deinde,
532 2145 603 2166 cum
633 2135 778 2166 ambusta
809 2145 977 2175 puerorum
1008 2145 1139 2175 corpora
1167 2135 1295 2173 videret,
1324 2136 1428 2169 subito
1453 2136 1559 2168 dolore

57 2247 66 2263 ¹
87 2245 139 2274 Fin
158 2246 205 2282 qui
224 2247 301 2274 Ram.
860 2246 959 2274 cellare
979 2254 992 2273 e
1010 2246 1099 2275 scrive
1117 2248 1233 2282 oportet.
1249 2263 1280 2266 —
1295 2246 1340 2274 Gr.
1363 2246 1450 2276 lascia
1468 2248 1561 2283 spazio

57 2291 68 2308 ²
87 2290 134 2318 Gr.
154 2290 226 2319 mihi
238 2292 345 2319 occasio
860 2290 958 2318 bianeo
978 2291 1049 2325 dopo
1061 2292 1194 2325 possunt.

59 2335 68 2353 ³
93 2334 166 2364 Tum
194 2344 259 2364 vero
287 2336 316 2363 in
344 2336 427 2372 luogo
447 2336 475 2363 di
504 2337 564 2363 mm
583 2335 676 2367 etiam,
697 2335 784 2363 anche
821 2336 843 2352 ¹0
861 2334 907 2362 Gr.
926 2335 1029 2363 idonea

84 2389 167 2410 senza
185 2388 272 2408 essere
290 2380 437 2414 preceduto
456 2380 491 2407 da
508 2387 573 2407 cum
828 2380 847 2396 ¹¹
866 2378 905 2406 In
924 2379 982 2406 otia
1002 2379 1082 2412 solvi,
1101 2379 1174 2407 darsi
1194 2379 1251 2407 alla
1269 2380 1367 2415 quiete.

61 2426 73 2445 ⁴
91 2425 145 2454 Nei
163 2424 250 2453 codici
269 2424 418 2460 bajulabat
826 2425 847 2441 '2
870 2424 1015 2459 Quatenus
1034 2432 1080 2458 per
1100 2425 1130 2450 ze!

57 2471 70 2489 ⁵
88 2470 143 2498 PP.
162 2469 269 2497 scilicet
825 2470 846 2486 ¹3
866 2467 919 2495 Nei
937 2468 1024 2496 codici
1043 2468 1115 2502 quid

59 2516 71 2533 ⁶
87 2513 141 2542 Nei
160 2513 247 2542 codici
258 2513 357 2548 pridie
822 2513 842 2531 ¹¹
862 2513 922 2540 PM.
942 2513 998 2539 PP.
1018 2520 1155 2547 reparare

59 2559 71 2577 ⁷
88 2557 142 2587 Nei
161 2557 248 2586 codici
265 2558 288 2586 si
307 2557 448 2594 aggiunge
466 2557 569 2586 statuit
826 2558 847 2575 ¹5
866 2557 913 2584 Gr.
931 2558 1063 2592 sopitum,
1082 2558 1148 2585 rata
1167 2558 1243 2586 nihil
1262 2558 1348 2593 ultra,

62 2603 74 2621 8
89 2601 272 2637 Corrisponde
291 2601 338 2629 all'
352 2602 411 2629 ital.
427 2602 549 2637 ciruyia,
566 2602 615 2630 lat.
629 2601 788 2637 chirurgia.
826 2603 848 2620 ¹⁶
867 2601 913 2629 Gr.
934 2609 1033 2629 aream

60 2648 72 2665 ⁹
90 2646 137 2674 ΒΥ.
155 2648 315 2682 sottosegna
322 2647 448 2681 possunt
465 2654 541 2675 come
555 2645 651 2681 parola
670 2646 705 2674 da
717 2654 787 2675 can-
