1845 3076
238 157 277 188 52
829 167 853 189 P.
877 167 902 189 P.
924 167 1072 190 VERGERIO

240 249 400 288 superiore
420 249 563 286 donatus,
579 249 720 280 dominus
738 250 843 282 Comes
857 251 893 281 de
911 250 1065 282 Carraria
1079 251 1097 288 ¹,
1116 261 1209 291 quem
1223 261 1318 290 supra
1334 252 1470 281 aetatem
1487 260 1556 280 cum
1571 250 1741 282 clarissima

236 307 321 338 fama
345 307 469 347 integra
491 307 589 338 virtus
611 308 768 345 instruxit,
790 311 825 339 ut
846 308 884 339 de
907 319 942 340 eo
956 308 1081 340 dicere²
1100 311 1262 340 succurrat
1279 309 1290 325 ³
1311 308 1380 339 illos
1400 308 1537 340 Nasonis
1556 308 1740 339 versiculos:

584 364 711 396 Parcite
730 365 854 396 natales
871 365 880 382 ⁴
904 366 1014 396 tumidi
1034 376 1194 396 numerare
1216 365 1370 404 Deorum,-

665 422 849 454 C'aesarz'bas
869 424 966 454 virtus
986 424 1113 463 eontiyz‘t
1133 426 1204 454 ante
1224 423 1311 454 diem.

314 479 372 509 Hic
394 479 534 519 gentium
550 479 706 519 magnifici
722 479 855 516 Domini,
869 480 1009 520 germani
1029 481 1040 496 ⁵
1062 480 1119 517 sui,
1141 480 1260 517 ductor,
1276 481 1399 511 ardenti
1415 480 1527 518 animo,
1549 480 1742 520 militarique

235 536 400 576 disciplina
422 536 593 576 praeditus,
625 547 771 577 magnam
799 540 830 568 et
856 537 1028 576 praesentis
1052 540 1153 568 status
1172 538 1183 554 ‘³
1205 540 1236 568 et
1268 538 1469 577 provectioris
1492 538 1503 554 ⁷
1519 538 1632 569 aetatis
1656 548 1742 577 spem

236 593 276 625 de
307 603 339 624 se
366 593 448 624 fecit.
479 593 559 625 Sunt
588 597 753 633 praeterea
785 595 877 625 multi
897 595 974 625 clari
995 595 1061 632 viri,
1092 595 1154 625 late
1175 595 1298 635 cogniti,
1329 595 1415 626 etin
1436 595 1623 635 gravissimis
1648 595 1743 626 rebus

236 651 367 690 experti,
399 651 515 691 quibus
537 661 661 683 servare
685 654 716 682 et
747 662 863 692 augere
884 651 1030 683 bellicam
1050 652 1060 668 ⁸
1081 651 1212 692 gloriam
1234 652 1312 683 alias
1338 655 1464 692 partam
1495 663 1570 683 cura
1594 655 1649 683 est.
1670 652 1742 690 Hos,

233 707 383 739 brevitati
398 708 573 749 indulgens,
590 711 625 739 ut
643 719 875 749 proposueram,
896 719 958 740 non
975 719 1121 740 enumero
1136 709 1155 740 ⁹.
1178 709 1351 740 Numerum
1372 709 1516 746 militum,
1534 712 1570 740 ut
1593 709 1744 748 existimo,

235 765 313 796 scire
338 765 431 805 cupis.
461 765 609 806 Equitum
632 776 741 797 novem
763 766 862 797 millia
884 766 1013 797 collecta
1039 769 1120 797 sunt.
1141 765 1201 805 Qui
1223 776 1373 797 numerus
1394 766 1419 796 si
1440 767 1516 797 mihi
1539 767 1559 784 ¹⁰
1581 777 1642 798 nou
1664 770 1745 798 esset

238 822 331 863 plene
356 823 507 863 cognitus,
540 826 741 863 praeceptum
764 823 880 854 domini
894 824 912 840 ¹¹
939 823 1078 855 Galeoti‘z'
1092 825 1127 855 cle
1138 824 1320 855 Illalatesz‘is
1343 824 1416 864 (qui
1440 823 1610 863 plurimum
1633 824 1665 854 in
1688 824 1746 855 hoc

239 880 435 911 auctoritatis
448 880 559 920 habet)
573 890 739 911 servarem.
759 880 862 918 Quum
876 882 958 912 enim
974 881 1011 911 de
1032 881 1150 912 incerto
1168 891 1296 912 numero
1311 881 1444 922 alicujus
1458 881 1613 913 exercitus
1628 881 1745 912 mentio

237 936 338 974 fieret,
360 947 425 969 esse
446 938 597 977 quosdam
611 938 632 954 ¹²
654 937 787 974 dicebat,
816 939 869 978 qui
892 940 947 969 aut
968 938 1065 969 nimia
1085 938 1290 978 indulgentia,
1313 941 1369 969 aut
1389 938 1599 976 insuetudine,
1622 948 1746 978 magna-

237 1004 308 1025 rum
329 1005 434 1025 rerum
454 995 619 1026 veritatem
634 995 829 1032 excederent,
845 1014 884 1018 —
898 998 930 1026 et
944 995 1019 1026 item
1035 995 1195 1035 quosdam,
1212 996 1266 1035 qui
1282 998 1338 1026 aut
1359 996 1438 1034 odio,
1454 998 1510 1026 aut
1524 995 1710 1027 adversandi
1724 995 1746 1013 ¹³

237 1051 351 1089 studio,
373 1052 467 1083 rebus
488 1051 700 1083 detraherent.
733 1052 820 1083 Inter
841 1052 1012 1083 maximum
1044 1053 1141 1092 igitur
1161 1055 1193 1083 et
1213 1053 1385 1091 minimum,
1417 1063 1494 1093 quos
1515 1053 1599 1084 fama
1619 1052 1746 1090 referat,

236 1109 351 1139 assumi
380 1108 513 1149 jubebat
529 1109 549 1125 ¹⁴
580 1109 719 1140 medium
740 1119 916 1146 numerum,
947 1112 979 1141 et
1000 1110 1040 1141 ab
1062 1119 1097 1141 eo
1118 1111 1245 1141 tertiam
1267 1113 1389 1150 partem
1411 1110 1548 1141 auferri:
1581 1109 1670 1140 illum
1691 1109 1747 1150 qui

237 1166 339 1206 post¹⁵
360 1166 440 1196 hanc
461 1165 659 1197 collationem
680 1169 866 1206 superesset,
893 1177 1001 1198 verum
1023 1177 1086 1198 esse
1107 1171 1163 1198 aut
1185 1177 1255 1198 vero
1286 1167 1462 1207 proximum
1484 1178 1649 1198 numerum
1670 1177 1748 1198 asse-

238 1223 338 1254 rebat.
360 1223 505 1254 Peditum
527 1223 603 1254 mihi
625 1233 686 1254 non
707 1224 782 1254 satis
803 1226 850 1255 est
870 1226 962 1256 notus
983 1234 1149 1261 numerus;
1165 1235 1259 1264 quem
1279 1228 1395 1262 tamen,
1423 1227 1457 1255 ut
1479 1225 1615 1264 priorem
1637 1224 1749 1256 doctri-

238 1291 312 1311 nam
333 1291 456 1320 sequar,
477 1280 641 1312 duodecim
673 1281 772 1312 millia
793 1282 964 1313 electorum
986 1282 1123 1313 virorum
1146 1282 1288 1313 existimo
1304 1283 1333 1313 ¹¹⁵.
1367 1282 1591 1322 Expeditorum
1612 1282 1748 1314 militum

238 1338 378 1377 undique
410 1339 673 1376 concurrentium,
707 1349 783 1379 quos
803 1339 868 1370 sine
889 1339 1051 1379 stipendiis
1080 1339 1146 1370 sola
1167 1340 1295 1379 rapinae
1316 1350 1385 1379 spes
1406 1339 1512 1377 allicit,
1542 1340 1680 1371 incertus
1702 1342 1748 1370 est

236 1405 395 1426 numerus.
412 1395 482 1426 Non
497 1406 668 1436 prosequor
689 1396 821 1436 singula,
850 1407 932 1436 quae
953 1397 985 1427 in
1006 1397 1090 1428 hunc
1112 1397 1253 1428 ordinem
1280 1400 1532 1438 apparatumque
1548 1397 1746 1434 conveniunt,

238 1453 286 1483 uti
306 1463 403 1490 arma,
425 1453 649 1492 impedimenta
671 1454 793 1493 bellica,
825 1457 1034 1485 commeatum
1060 1455 1091 1491 ¹⁷,
1123 1457 1155 1485 et
1177 1454 1300 1494 reliqua
1330 1454 1518 1495 hujusmodi.
1550 1454 1609 1485 Hic
1631 1454 1713 1485 enim
1728 1454 1750 1471 ¹8

237 1510 363 1550 majoris
390 1510 485 1540 studii
516 1513 547 1541 et
578 1510 725 1551 longioris
753 1511 853 1551 operis
883 1512 974 1542 labor
994 1514 1047 1542 est.
1073 1512 1239 1551 Quumque
1260 1515 1387 1543 caetera
1408 1511 1560 1552 perscribi
1576 1512 1597 1528 ¹⁹
1618 1512 1746 1551 possint,

240 1566 321 1597 illud
336 1567 455 1607 utique,
471 1568 597 1607 quantis
611 1568 731 1607 animis,
751 1571 934 1609 quantaque
952 1568 1141 1599 certitudine
1156 1569 1222 1608 spei
1238 1568 1480 1609 progrediantur
1494 1569 1527 1606 ²⁰,
1549 1579 1750 1609 nequaquam

238 1624 378 1664 expediri
393 1625 414 1641 ²¹
436 1627 547 1664 potest.
571 1625 663 1656 Certe
685 1625 863 1666 aliquando,
885 1626 946 1657 imo
968 1625 1163 1666 plerumque,
1186 1626 1358 1667 majoribus
1379 1626 1483 1666 copiis,
1501 1626 1554 1656 sed
1575 1635 1750 1666 numquam

238 1681 410 1722 majoribus
432 1683 543 1713 animis
564 1683 597 1713 in
619 1693 724 1723 pugna
747 1683 905 1723 proditum
928 1686 975 1714 est
989 1683 1020 1714 Ἡ.
1046 1682 1120 1721 Quis
1141 1683 1243 1714 exitus
1265 1684 1319 1714 hos
1334 1684 1453 1715 animos
1475 1686 1611 1720 maneat,
1633 1683 1665 1713 in
1687 1693 1750 1714 ma-

238 1738 330 1770 nibus
352 1739 496 1770 fortunae
519 1742 573 1771 est.
595 1742 622 1771 A
642 1744 735 1780 parte
757 1741 820 1771 alia
841 1744 1008 1772 venturum
1030 1742 1139 1772 dicunt
1160 1741 1304 1772 comitem
1325 1741 1503 1772 Armim'aca'
1516 1741 1546 1777 ¹²³,
1568 1740 1750 1772 invasurum

238 1806 258 1827 a
286 1799 374 1837 tergo
405 1798 526 1829 hostem
549 1798 580 1828 ²⁴.
603 1798 672 1837 Qui,
705 1798 763 1828 nisi
797 1798 943 1830 duritiem
966 1799 1161 1831 Hannibalis
1194 1809 1298 1830 secum
1330 1799 1421 1836 ferat,
1453 1809 1514 1829 non
1546 1798 1662 1838 poterit
1692 1798 1751 1829 hoc

238 1856 380 1894 tempore
412 1855 616 1895 asperitatem
647 1856 777 1896 Alpium
808 1856 994 1897 transgredi.
1027 1857 1063 1887 In
1094 1856 1152 1888 hoc
1187 1867 1299 1896 parum
1331 1857 1395 1896 spei
1409 1857 1440 1895 ²5,
1474 1856 1568 1887 etiam
1590 1856 1616 1886 si
1637 1855 1751 1892 veniat,

248 1974 256 1992 ¹
279 1973 324 2002 Gr.
344 1983 426 2002 senza
444 1975 577 2003 (lominus
1047 1976 1174 2010 quinque
1194 1976 1326 2004 millium.
1346 1976 1401 2003 PP.
1419 1974 1496 2003 5000.
1517 1974 1549 2003 V.
1569 1974 1668 2003 lettera
1687 1973 1753 2002 Pol-

249 2018 260 2036 2
279 2017 325 2045 Gr.
345 2019 389 2046 ΒΥ.
409 2018 559 2046 (licendum
1050 2020 1154 2047 Iieitus.

247 2062 258 2081 ³
278 2061 325 2090 Gr.
342 2064 515 2090 succan-rant
1014 2066 1034 2082 ¹⁷
1052 2064 1106 2092 PP.
1126 2065 1324 2092 commercium

248 2108 259 2125 ⁴
279 2107 334 2135 PP.
352 2108 499 2135 natalibus
1013 2110 1034 2127 ¹⁸
1053 2109 1099 2136 Gr.
1118 2118 1200 2137 senza
1219 2109 1294 2136 wtinz

250 2153 259 2171 ἕ·
279 2154 324 2180 (111⁶.
345 2161 427 2180 senza
443 2154 575 2188 ,iserniam
1016 2155 1036 2172 ¹0
1056 2154 1109 2181 Nol
1129 2155 1173 2182 ΒΓ.
1203 2157 1256 2189 pue
1276 2154 1397 2189 leggersi
1416 2156 1481 2182 cosi.
1508 2153 1554 2181 Gli
1583 2153 1650 2181 altri
1669 2151 1756 2181 codici

249 2199 260 2214 ⁶
282 2197 350 2225 Mur.
371 2206 384 2225 e
403 2197 474 2225 PP.:
488 2198 653 2232 praesentis
671 2198 742 2231 facti
761 2201 852 2226 statas
1047 2199 1191 2227 scrivono:
1214 2198 1386 2233 praese-ibi,
1415 2198 1463 2226 che
1491 2206 1547 2226 non
1571 2197 1600 2226 fa
1619 2197 1754 2226 riscoutro

249 2243 259 2259 ⁷
277 2242 331 2269 PP.
345 2242 540 2276 provectionis
1048 2243 1242 2278 eoll'expedivi
1262 2243 1318 2270 ch’e
1338 2243 1413 2271 dotto
1432 2243 1479 2278 poi

249 2286 259 2304 ⁸
279 2286 340 2313 PM.
360 2286 438 2314 bello.
458 2287 507 2314 Gr.
525 2287 628 2314 bellum
1011 2290 1034 2306 ²¹¹
1053 2288 1107 2315 PP.
1123 2288 1329 2322 prom-ecHatur

249 2332 260 2349 ⁹
279 2331 349 2358 Mur.
369 2340 382 2359 e
402 2331 457 2358 PP.
476 2340 626 2360 remantem)
1011 2334 1029 2351 ²¹
1053 2333 1100 2360 Gr.
1115 2333 1159 2360 ΒΓ,
1174 2342 1186 2359 e
1200 2332 1260 2360 PM.
1282 2333 1431 2367 expectari.
1452 2332 1598 2367 Expedit-e
1616 2331 1662 2360 nel
1675 2338 1755 2359 senso

239 2376 260 2392 10
279 2375 324 2403 ΒΓ.
344 2376 390 2404 Gr.
410 2376 461 2410 qui
479 2376 505 2403 si
522 2376 593 2404 mim
1049 2377 1077 2404 di
1097 2377 1154 2405 dire
1175 2377 1202 2404 in
1222 2376 1307 2411 poche
1327 2377 1421 2412 parole
1443 2376 1487 2411 (V.
1508 2376 1549 2410 G„
1569 2376 1619 2410 IV,
1638 2376 1702 2411 286)

239 2421 259 2437 11
279 2420 324 2447 Gr.
344 2428 425 2448 senza
444 2420 515 2448 dom.
1014 2423 1037 2439 ‘2²
1056 2421 1109 2449 Nei
1129 2421 1224 2449 codici:
1244 2429 1321 2456 quos.
1343 2421 1389 2450 Gr,
1409 2421 1470 2449 PM.
1484 2421 1535 2456 qai
1547 2421 1640 2449 exitus
1653 2437 1685 2440 —
1698 2429 1757 2449 ma-

239 2465 259 2481 12
280 2464 335 2492 PP.
355 2464 469 2499 quidem
1054 2467 1124 2493 vent

238 2509 259 2525 ¹³
279 2509 349 2536 Mur.
368 2517 382 2536 e
402 2509 474 2537 PP.:
494 2509 659 2538 adversanti
1016 2511 1039 2528 ⁴2³
1059 2510 1114 2538 PP.
1134 2510 1302 2538 Armeniaci

239 2553 261 2571 11
282 2554 326 2580 ΒΥ.
340 2553 447 2587 jubent
1011 2556 1034 2572 Ἡ
1054 2554 1106 2582 Nei
1126 2555 1224 2582 codici:
1244 2555 1358 2589 hostem,
1378 2555 1438 2591 qai,
1458 2564 1472 2583 e
1491 2555 1598 2583 hostem
1617 2554 1670 2590 qui

239 2597 260 2614 ¹⁵
280 2596 325 2624 Gr.
346 2597 391 2625 ΒΓ.
410 2597 494 2625 illum
512 2599 607 2626 autem
625 2599 684 2633 qui.
704 2599 758 2627 PP.
778 2599 863 2627 illum
875 2601 944 2634 post
1014 2600 1037 2618 25
1056 2599 1126 2626 Mur.
1147 2608 1160 2627 e
1180 2599 1235 2626 PP:
1254 2599 1314 2634 spei
1332 2601 1374 2627 est

238 2641 258 2658 ¹⁵
278 2640 304 2668 11
323 2648 435 2669 numero
455 2644 468 2667 ὸ
481 2640 510 2668 iu
524 2641 593 2670 cifra
611 2641 657 2670 nel
671 2643 716 2670 ΒΓ.
736 2651 750 2671 e
769 2643 814 2671 nel
828 2643 889 2671 PM.
911 2643 983 2672 Mur.
