1845 3076
776 159 915 184 srisromz
1548 150 1604 180 169

90 258 130 279 ex
151 256 236 278 more
258 246 340 285 licet,
360 245 481 286 aliquid
503 245 543 276 ad
563 248 595 276 te
617 244 741 284 plenius
760 244 997 280 conscriberem,
1018 243 1179 283 totiusque
1201 243 1275 274 anni
1302 242 1421 273 cultum
1439 243 1457 280 ¹,
1479 242 1607 274 tametsi

92 304 170 336 alias
191 303 296 344 fruges
313 303 434 343 jactum
455 312 561 333 semen
581 300 694 332 afferre
713 301 821 338 soleat,
842 301 875 331 in
891 301 947 332 hoc
963 303 1102 339 tempore
1115 300 1124 316 ²
1146 303 1308 340 tamquam
1329 300 1360 330 in
1383 309 1513 331 messem
1535 309 1603 331 con-

93 362 184 393 ferre.
205 360 266 392 Sed
288 360 349 392 fuit
370 360 454 391 unde
474 359 667 399 propositum
699 368 803 389 meum
824 360 954 398 repente
986 357 1178 388 turbaretur.
1212 357 1367 388 Confectis
1389 357 1503 388 etenim
1531 357 1607 388 anni

92 418 213 456 studiis,
235 427 305 448 cum
322 417 389 458 jam
410 417 507 448 otioso
528 415 632 447 animo
654 415 694 446 ad
715 418 746 446 te
768 418 953 455 spectarem,
982 414 1085 445 subito
1106 414 1195 454 signa
1215 414 1369 454 quaedam
1397 414 1542 445 infectam
1565 416 1609 444 te-

90 476 209 507 stantia
230 475 386 514 regionem
410 483 443 505 se
465 471 665 505 effunderunt
676 473 697 511 ³,
717 483 755 503 ex
777 482 840 512 qua
861 482 894 503 re
908 471 1060 512 plerique,
1082 471 1136 511 qui
1151 471 1305 502 sanissimi
1326 471 1517 508 viderentur,
1538 481 1608 502 con-

90 533 208 572 sumpti
229 534 311 563 sunt.
334 531 398 572 Ego
419 540 503 567 vero,
524 530 580 570 qui
600 529 677 560 mihi
694 529 882 570 jamdudum
904 539 1130 568 persuaseram,
1161 538 1222 560 non
1243 538 1308 559 esse
1330 529 1377 559 his
1397 529 1428 559 in
1452 529 1525 559 locis
1547 538 1608 559 mo-

96 589 241 626 randum,
262 589 404 629 protinus
424 587 498 618 inde
511 587 585 624 abii,
606 597 669 618 non
683 586 810 626 quidem
831 585 914 626 quod
929 587 938 603 ⁴
960 586 1030 625 plus
1051 586 1184 616 caeteris
1204 589 1335 616 mortem
1358 586 1500 616 timerem
1517 585 1608 626 (quid

91 646 173 678 enim
197 646 384 677 diuturnum
408 645 475 685 jam
496 643 711 685 philosophiae
731 643 879 682 studium,
907 653 944 674 ac
964 643 1066 674 multa
1087 643 1168 673 vitae
1197 642 1391 682 experientia
1419 643 1562 680 contulit,
1583 643 1608 674 si

93 703 172 735 nihil
189 713 228 734 ex
242 705 329 734 metu
344 702 453 733 mortis
474 701 655 740 detraxit2)‚
669 700 722 732 sed
744 700 827 740 quod
838 701 859 738 ⁵,
879 710 916 731 ex
930 701 1013 731 omni
1035 703 1140 731 aetate
1157 699 1324 731 morientes
1346 710 1416 730 cum
1438 700 1575 731 viderem
1587 700 1608 737 ὃ,

91 761 116 791 si
138 760 229 792 modo
252 759 396 791 secedere
422 759 551 790 honeste
572 759 679 798 possit,
708 758 780 789 huic
805 757 944 798 pen'culo
971 760 1081 797 sponte
1107 756 1259 788 subesse⁷
1286 756 1449 787 nollem3⁸
1482 757 1519 788 Iit
1546 757 1609 789 scio

95 817 234 858 quidem,
255 827 320 848 esse
341 816 503 857 plurimos,
525 826 587 847 non
608 815 698 846 modo
720 826 758 846 ex
779 815 879 856 vulgo,
908 814 961 846 sed
984 817 1015 845 et
1035 814 1141 845 doctos
1163 824 1286 854 quoque
1315 814 1463 851 homines,
1493 814 1609 854 quibus

95 874 279 914 persuaderi
299 873 386 904 nullo
407 873 498 904 modo
518 872 620 913 possit.
643 872 736 912 Apud
759 883 807 903 me
829 883 901 903 vero
928 874 993 903 tam
1015 875 1102 903 certa
1122 881 1172 902 res
1193 875 1250 907 est,
1271 873 1316 908 ut,
1346 871 1404 901 nisi
1425 871 1455 901 in
1478 871 1609 902 vinculis

91 932 236 968 haberer,
251 934 308 962 aut
322 931 444 962 honesti
458 930 538 962 ratio
552 930 779 971 refragaretur,
800 929 951 961 contineri
973 939 1034 959 non
1048 939 1178 969 possem,
1194 938 1228 959 ac
1240 929 1251 945 ⁹
1273 929 1463 969 praestitisse
1485 929 1611 960 sibimet

91 989 200 1020 mortis
222 998 348 1019 causam
371 987 446 1018 mihi
467 988 613 1019 videatur
634 987 775 1027 quisquis
796 987 930 1018 moriens
950 986 1099 1017 infectam
1121 986 1350 1017 habitationem
1370 986 1511 1017 consulto
1531 985 1613 1017 dele-

91 1045 181 1087 gerit.
197 1045 282 1076 Mors
296 1045 389 1083 enim,
405 1046 471 1082 etsi,
493 1048 529 1076 ut
545 1045 688 1076 omnibus
711 1044 902 1084 philosophis
924 1043 1049 1075 videtur
1065 1053 1126 1074 non
1142 1043 1181 1074 sit
1202 1043 1330 1079 malum,
1346 1046 1411 1080 aut,
1434 1047 1468 1074 ut
1482 1034 1611 1075 seorsim

89 1103 192 1134 stoicis
206 1102 320 1143 placet,
336 1104 377 1134 sit
391 1103 486 1134 etiam
501 1103 533 1132 in
549 1102 638 1133 bonis
652 1102 808 1133 habenda.
826 1112 886 1132 non
902 1102 1017 1141 passim
1034 1104 1140 1131 tamen
1155 1110 1256 1140 neque
1272 1104 1391 1132 temere
1403 1102 1424 1118 ¹¹¹
1445 1100 1612 1132 subeunda

94 1163 151 1192 aut
171 1160 350 1200 appetenda
377 1163 434 1197 est,
455 1170 569 1200 neque,
598 1160 659 1191 nisi
680 1170 750 1190 cum
771 1169 885 1199 pugna
914 1159 994 1190 ratio
1016 1158 1164 1198 postulat,
1193 1158 1382 1189 accersenda
1396 1159 1425 1189 ¹¹.
1455 1158 1546 1196 Nam,
1575 1162 1611 1189 ut

90 1220 184 1258 turpe
207 1220 253 1249 est
268 1220 355 1248 metu
376 1218 484 1248 mortis
505 1217 703 1249 inhonestum
725 1217 846 1257 aliquid
868 1216 1046 1257 admittere,
1062 1218 1105 1248 ita
1121 1222 1152 1249 et
1173 1217 1355 1248 indecorum
1377 1216 1511 1253 videtur,
1532 1226 1613 1247 vano

93 1284 200 1306 errore
221 1275 386 1306 seductum
407 1277 550 1312 mortem,
572 1285 643 1305 cum
664 1275 734 1315 quis
754 1275 884 1306 honeste
905 1275 1011 1314 possit,
1037 1285 1099 1306 non
1121 1275 1229 1306 vitare.
1252 1274 1370 1305 Verum
1397 1284 1454 1314 ego
1474 1284 1513 1305 ne
1535 1274 1611 1305 satis

92 1342 187 1363 sanus
209 1343 288 1369 sum,
311 1333 365 1372 qui
385 1332 470 1372 apud
492 1331 755 1372 religiosissimum
777 1333 888 1369 virum,
911 1335 942 1364 et
964 1332 1162 1363 Christianae
1187 1332 1261 1363 fidei
1283 1331 1453 1367 cardinem,
1481 1331 1614 1371 philoso—

91 1388 226 1430 phorum
241 1389 405 1429 gentilium
427 1392 548 1420 certare
564 1390 737 1420 sententias
759 1389 903 1426 audeam,
925 1390 1014 1429 quasi
1035 1399 1098 1420 non
1119 1389 1237 1421 habeat
1251 1389 1329 1420 fides
1343 1392 1461 1427 nostra,
1482 1389 1558 1429 quid
1573 1388 1612 1419 de

92 1449 192 1478 morte
220 1447 421 1478 sentiendum
441 1447 490 1484 sit,
515 1450 571 1478 aut
591 1447 675 1478 unde
697 1447 793 1486 possit
820 1447 1064 1479 controversiam
1085 1447 1167 1477 hanc
1194 1446 1369 1478 dissolvere.
1399 1446 1459 1478 Sed
1480 1447 1549 1482 ista,
1576 1448 1613 1477 ut

93 1513 143 1535 res
162 1504 282 1542 incidit,
304 1503 390 1535 dicta
410 1514 430 1535 a
450 1514 499 1534 me
520 1506 601 1535 sunt.
624 1503 684 1535 ula
704 1514 777 1535 vero
797 1514 880 1544 quae
901 1503 942 1535 ad
963 1504 1057 1535 fidem
1078 1504 1238 1544 pertinent
1261 1504 1371 1536 audire
1392 1505 1492 1544 magis
1511 1514 1608 1544 quam

92 1560 197 1593 dicere
218 1564 350 1601 paratus
371 1571 448 1592 sum.
471 1561 575 1592 Tanta
601 1562 698 1601 igitur
719 1561 758 1593 de
779 1562 930 1602 propositi
951 1563 1011 1593 mei
1034 1562 1167 1599 ratione,
1188 1566 1223 1592 ut
1244 1561 1412 1602 intelligas,
1441 1572 1491 1593 me
1511 1571 1615 1602 neque

93 1618 248 1650 desiderio
267 1619 350 1650 vitae
371 1629 474 1659 neque
494 1618 603 1650 mortis
630 1622 718 1650 metu
738 1619 901 1650 consilium
926 1619 984 1650 hoc
1006 1619 1162 1659 amplecti,
1184 1619 1239 1650 sed
1262 1619 1379 1659 juditio
1399 1621 1534 1650 tantum.
1558 1619 1613 1650 Bo-

95 1676 190 1708 nonia
209 1676 318 1716 itaque
339 1676 378 1708 ob
399 1686 470 1708 eam
490 1686 617 1707 causam
645 1676 815 1713 discedens,
843 1677 875 1707 in
896 1676 1136 1708 Romandiolam
1156 1676 1230 1714 abii,
1258 1676 1466 1708 videndorum
1487 1676 1615 1716 quidem

94 1736 126 1765 et
145 1733 285 1765 locorum
301 1736 333 1764 et
346 1733 507 1765 hominum
530 1734 634 1765 studio
655 1734 778 1771 ductus
799 1743 879 1774 quos
899 1734 943 1765 ibi
964 1733 1130 1766 benevolos
1151 1734 1252 1766 habeo
1273 1734 1436 1774 plurimos
1456 1738 1491 1765 ut
1506 1744 1526 1765 a
1541 1744 1616 1765 casu

95 1793 129 1822 et
147 1791 180 1822 in
194 1790 306 1822 studiis
327 1791 565 1823 benevolentiae
586 1794 818 1831 comparantur.
842 1791 1026 1832 Complures
1047 1791 1191 1823 civitates
1210 1794 1242 1823 et
1262 1791 1331 1823 loca
1352 1792 1520 1823 circumivi.
1535 1791 1616 1823 Prae

95 1848 227 1880 caeteris
240 1851 347 1880 autem
368 1859 502 1889 magnae
515 1849 593 1880 mihi
606 1849 763 1889 voluptati
782 1848 852 1886 fuit,
867 1849 1058 1880 Ludovicum
1071 1849 1111 1880 de
1125 1849 1280 1886 Alidosiis,
1295 1849 1414 1881 Imolae
1429 1850 1613 1890 principem,

95 1905 272 1943 convenire,
292 1906 348 1946 qui
368 1916 418 1937 me
438 1906 493 1937 diu
514 1906 620 1937 videre
642 1906 883 1938 desideraverat.
907 1906 1029 1947 Longus
1051 1907 1136 1947 apud
1154 1917 1223 1938 eum
1246 1907 1307 1938 fuit
1329 1917 1430 1938 sermo
1444 1907 1483 1938 de
1504 1907 1616 1945 literis,

97 1963 248 2003 variaque
269 1963 309 1994 de
329 1963 441 1995 studiis
469 1963 649 2004 disputatio.
678 1963 760 1995 Nam
781 1967 812 1995 et
832 1967 960 2004 praeter
987 1963 1121 1995 aliorum
1148 1965 1325 2005 principum
1346 1975 1474 2002 morem,
1502 1964 1615 1996 studiis

96 2019 262 2051 literarum
283 2020 436 2061 indulget.
466 2020 543 2052 Inde
563 2020 745 2059 Bononiam,
773 2021 857 2052 unde
878 2021 1030 2058 abieram,
1058 2021 1148 2059 redii,
1176 2032 1211 2053 eo
1231 2022 1399 2062 proposito,
1427 2025 1463 2053 ut
1484 2022 1545 2053 huc
1566 2032 1617 2053 me

96 2077 240 2117 protinus
261 2078 442 2109 conferrem.
465 2077 603 2118 Dignum
624 2080 679 2116 est,
701 2078 760 2109 hoc
780 2078 858 2115 loco,
877 2081 915 2110 ut
935 2089 1173 2111 commemorem
1193 2082 1342 2119 nepotum
1361 2082 1488 2110 tuorum
1510 2079 1618 2110 huma-

95 2133 240 2172 nitatem,
268 2144 438 2175 eorumque
465 2145 654 2175 propensam
673 2135 706 2166 in
727 2145 777 2167 me
798 2135 1056 2168 benevolentiam.
1087 2136 1165 2168 Cum
1187 2136 1271 2168 enim
1291 2139 1323 2167 et
1343 2136 1403 2176 ipsi
1430 2146 1564 2176 quoque,
1585 2139 1619 2168 et

96 2191 264 2232 fugiendae
285 2192 383 2232 pestis
398 2196 430 2224 et
443 2192 611 2233 colligendi
632 2192 730 2224 animi
749 2193 860 2233 gratia,
876 2193 917 2224 ad
931 2195 1086 2234 quaedam
1107 2194 1176 2226 loca
1197 2193 1430 2231 Bomandiolae,
1444 2203 1528 2234 quae
1543 2196 1618 2225 tuae

94 2249 306 2290 jurisdictioni
320 2250 463 2288 subsunt,
482 2238 636 2290 proficissi
654 2250 782 2288 vellent,
796 2261 912 2291 magna
925 2251 1089 2293 diligentia
1103 2262 1122 2283 a
1136 2261 1185 2283 me
1205 2251 1445 2289 contenderunt,
1459 2254 1496 2282 ut
1510 2261 1617 2283 secum

96 2306 186 2345 irem,
206 2306 290 2348 quod
311 2310 392 2339 esset
412 2307 499 2348 regio
519 2307 577 2339 illa
597 2307 741 2345 salubris,
770 2318 806 2339 ac
827 2307 966 2340 honestis
987 2309 1142 2340 exercitiis
1163 2313 1240 2350 apta
1266 2311 1332 2340 tam
1354 2308 1491 2348 eorporis
1519 2319 1617 2349 quam

108 2429 118 2446 ¹
139 2427 193 2456 PP.
213 2429 342 2464 totusque
360 2429 432 2457 anni
451 2429 548 2457 cultus
887 2432 897 2449 ⁷
917 2431 962 2459 Br.
982 2431 1043 2459 PM.
1063 2430 1118 2459 PP.
1137 2438 1285 2466 superesse

108 2473 121 2491 ²
138 2472 184 2500 Br.
203 2471 281 2500 Ram.
299 2473 361 2502 PM.
381 2475 492 2508 tempus
888 2476 899 2493 ⁸
918 2474 972 2503 Nei
990 2474 1077 2504 codici
1095 2474 1195 2503 vellem

108 2517 120 2534 ³
138 2515 194 2544 PP.
212 2516 399 2550 effundet-ant
888 2521 900 2538 ⁹
918 2519 972 2547 Nei
991 2519 1076 2548 codici
1096 2520 1139 2547 At

108 2561 120 2578 ⁴
138 2559 195 2588 PP.
213 2568 271 2595 quo
877 2565 898 2582 ¹0
917 2563 973 2593 PP.
993 2565 1095 2592 temere
1114 2572 1205 2599 neque
1225 2566 1327 2592 temere

110 2605 122 2622 ⁵
139 2603 192 2632 Nei
211 2604 299 2633 codici
316 2607 369 2633 aut
387 2607 427 2634 tot
876 2609 896 2626 ¹¹
916 2607 956 2636 Lo
973 2610 1063 2636 stesso
1082 2608 1131 2635 che
1149 2609 1326 2638 arcessenda.
1350 2609 1411 2638 PM.
1431 2609 1625 2645 accensenda,

108 2649 121 2666 θ
139 2648 185 2677 Br.
204 2648 264 2677 PM.
283 2649 339 2678 PP.
358 2649 480 2678 viderim
911 2652 967 2681 PP.
985 2652 1155 2681 recensenda

1517 2706 1552 2734 22
