1845 3076
754 181 894 205 EPISTOLE
1540 174 1581 206 69

71 275 175 306 neque
195 265 323 297 honeste
342 274 462 305 possem
482 267 587 296 tecum
606 264 720 302 dicere,
741 265 796 305 qui
817 265 938 296 dudum
959 275 1007 296 me
1028 266 1121 303 nosti,
1148 266 1238 306 quasi
1258 265 1380 297 viderer
1401 265 1441 297 de
1457 265 1577 307 judicio

74 326 130 355 tuo
150 323 307 355 dubitare.
340 322 388 353 De
408 321 508 353 literis
539 323 645 353 autem
667 321 743 362 quid
765 324 812 353 est
832 321 914 362 quod
935 332 984 354 me
1005 332 1130 354 accuses
1146 323 1164 360 ¹,
1194 323 1249 363 qui
1269 333 1442 363 numquam
1466 323 1580 354 dedisti

75 380 248 421 epistolam,
269 379 346 420 quin
361 379 503 419 protinus
523 379 678 410 redderim
694 383 705 399 ²
725 389 844 419 parem,
858 379 952 410 immo
966 389 1048 416 vero,
1064 382 1096 411 et
1110 382 1257 417 cessante,
1270 382 1303 411 te
1329 380 1580 420 frequentissime

71 435 324 478 provocaverim?
344 436 376 467 Si
390 435 499 467 literas
516 445 599 467 meas
621 435 775 473 observas,
796 435 878 475 quod
893 446 950 476 ego
970 436 1138 477 diligenter
1161 437 1200 468 de
1214 437 1278 468 tuis
1300 437 1387 475 facio,
1403 438 1471 478 jam
1483 437 1579 469 debet

70 504 165 535 penes
186 498 218 526 te
239 503 303 525 esse
321 495 412 524 tanta
433 493 559 524 illarum
581 493 679 533 copia,
701 495 737 524 ut
758 502 820 524 non
835 492 926 524 modo
946 493 979 524 in
1000 493 1168 524 mulierum
1188 497 1318 525 tuarum
1338 504 1447 534 pensa,
1468 494 1522 525 sed
1537 497 1579 534 et,

71 555 108 583 ut
126 545 255 583 Persius
281 551 336 588 ait,
363 551 395 581 in
416 550 572 582 scombros
594 553 626 581 et
647 550 720 581 thus
747 550 889 581 abundet
902 551 923 581 ³.
956 550 1040 582 Duas
1066 551 1166 582 ante⁴
1199 551 1255 582 hos
1283 551 1349 582 dies
1376 552 1417 583 ad
1437 554 1470 583 te
1496 551 1579 590 dedi,

73 618 207 648 quarum
231 611 387 644 neutram,
419 610 453 638 ut
486 607 561 638 mihi
584 607 718 644 videtur,
747 607 902 647 accepisti.
931 607 967 637 In
989 608 1149 648 utraque5
1176 608 1333 648 querebar
1347 609 1366 646 ⁰,
1395 619 1431 640 ac
1457 619 1581 649 magno-

69 675 143 706 pere
154 665 165 682 ⁷
185 665 312 706 quidem
333 667 436 696 tecum
457 664 602 696 dolebam
618 664 817 704 pestilentem
832 664 914 696 hanc
929 664 1060 702 cladem,
1076 675 1157 705 quae
1177 666 1313 705 patriam
1327 667 1581 706 propinquasque

70 723 212 762 regiones
233 725 381 754 vastaret.
404 722 487 760 Quid
508 723 590 753 enim
612 722 768 762 reliquum
789 725 844 760 ost,
869 726 937 762 post
957 725 1025 753 tota
1046 722 1140 759 bella,
1171 725 1281 763 totque
1312 724 1437 754 urbium
1458 723 1580 755 excidia

19 818 24 824 .
71 783 104 810 et
124 779 316 820 singulorum
338 789 492 811 annorum
513 779 706 815 sterilitates,
727 779 787 810 nisi
805 783 837 810 ut
859 780 1013 817 universa,
1035 780 1239 811 morientibus
1258 780 1375 817 incolis,
1397 781 1501 820 patria
1515 790 1578 812 cor-

69 836 165 867 ruat?
185 835 246 868 Sed
266 847 389 868 omnem
410 836 494 867 hunc
513 836 614 868 literis
633 836 697 868 tuis
718 836 858 868 dolorem
879 837 1031 873 ademisti,
1052 837 1106 877 qui
1128 837 1221 874 dicas,
1243 847 1379 869 cessasse
1396 838 1463 878 jam
1483 838 1577 868 istam

71 893 136 926 sive
155 893 236 925 iram
258 893 398 925 dicamus
418 893 496 925 coeli
516 903 571 924 8011
585 894 596 910 ⁸
614 894 833 934 intemperiem
854 893 1090 931 elementorum,
1120 904 1156 925 ac
1183 895 1340 926 neminem
1361 905 1417 934 per
1437 895 1492 926 1108
1512 895 1578 926 (1108

73 953 134 982 aut*
150 951 259 982 morbo
285 960 469 991 oppressum
501 960 567 982 esse
595 953 651 982 aut
680 954 779 982 morte
806 951 956 991 pestifera
977 952 1163 983 occubuisse.
1192 951 1281 989 Quod
1308 951 1459 992 quidem⁰
1479 951 1580 983 bonae

75 1007 142 1048 spei
155 1017 302 1048 praesens
318 1009 538 1048 argumentum
552 1011 609 1039 est.
624 1008 684 1039 Sed
698 1018 815 1045 vereor,
832 1019 871 1040 ne
885 1019 947 1040 non
960 1011 1026 1040 tam
1041 1003 1175 1040 celerem
1190 1009 1211 1026 ¹⁰
1224 1008 1320 1040 finem
1333 1009 1458 1047 habeat,
1473 1019 1509 1040 ac
1524 1019 1581 1049 per

77 1064 135 1096 hoc
154 1066 288 1105 tempus,
312 1064 435 1105 frigore,
457 1067 494 1096 ut
513 1067 582 1096 tute
602 1065 683 1096 nosti
699 1066 729 1103 ¹¹,
751 1065 890 1097 humana
910 1076 1040 1106 corpora
1060 1066 1257 1106 constipante
1273 1066 1304 1103 ¹²,
1324 1066 1456 1097 deliteat
1476 1066 1581 1106 potius

71 1132 167 1162 quam
188 1122 361 1154 extinctum
382 1123 423 1154 sit
444 1122 501 1153 hoc
522 1122 649 1159 malum,
671 1125 767 1163 atque
787 1126 864 1154 tunc
884 1123 1020 1160 demum,
1041 1123 1186 1155 veniente
1196 1124 1218 1141 ¹³
1233 1133 1305 1155 vere
1320 1123 1499 1154 invalescat.
1520 1123 1581 1155 Sed

69 1179 186 1211 nollem
206 1189 273 1211 esse
301 1179 430 1210 nuntius
450 1182 506 1210 aut
527 1190 696 1220 praesagus
721 1179 885 1211 malorum.
907 1180 998 1211 Hunc
1018 1181 1163 1212 timorem
1177 1191 1282 1212 meum
1297 1181 1330 1211 in
1346 1180 1456 1212 melius
1477 1183 1581 1212 vertat

70 1236 164 1274 Deus,
178 1246 215 1268 ac
229 1246 291 1267 non
312 1238 348 1267 ut
368 1236 512 1268 demeriti
531 1246 646 1275 sumus,
667 1237 722 1268 sed
743 1237 913 1268 secundum
934 1237 1019 1277 quod
1033 1247 1066 1269 se
1079 1238 1208 1278 dignum
1229 1240 1277 1269 est
1291 1238 1452 1269 nobiscum
1472 1237 1578 1269 faciat.

149 1293 209 1324 Res
222 1302 307 1325 meas
322 1293 472 1334 explicari
487 1293 546 1325 tibi
560 1293 710 1334 postulas,
725 1293 771 1325 Ea
783 1304 905 1325 summa
925 1297 989 1326 est:
1011 1304 1114 1334 sospes
1128 1305 1196 1335 ago,
1211 1295 1318 1326 solitas
1334 1295 1443 1327 literas
1455 1304 1578 1335 sequor,

68 1350 163 1391 idque
178 1350 341 1391 aliquanto
363 1350 534 1382 ferventius
547 1361 642 1391 quam
657 1353 751 1382 antea
771 1351 880 1383 solitus
895 1361 965 1383 sum
985 1351 1066 1384 facio
1081 1352 1111 1383 ¹⁴.
1135 1352 1171 1383 In
1186 1352 1251 1383 dies
1271 1352 1368 1383 animi
1388 1351 1483 1384 ditior
1501 1362 1580 1389 sum,

69 1418 176 1439 rerum
190 1408 212 1425 ¹⁵
233 1407 382 1449 egentior.
409 1407 615 1448 Quamquam,
643 1419 725 1448 quae
745 1411 792 1440 est
811 1409 871 1440 ista
892 1411 1022 1450 egestas,
1048 1420 1146 1450 quum
1167 1409 1208 1441 ad
1230 1409 1447 1442 necessitatem
1474 1409 1580 1440 omnia.

65 1467 246 1506 suppetant,
267 1467 299 1496 et
320 1465 361 1496 ad
382 1465 576 1506 voluptatem
597 1466 748 1506 pleraque
769 1466 949 1506 supersint?
971 1466 1056 1498 Vale.

789 1681 854 1712 LII.

423 1755 641 1789 JOANNI
682 1755 1088 1788 ΒΟΝΟΝΙΕΝΞΙ16
1127 1758 1154 1789 S.
1198 1759 1234 1790 D.

523 1838 669 1868 renerus,
690 1839 743 1861 vm
763 1839 832 1862 mus
852 1840 966 1863 Arruns
982 1832 1014 1869 ¹⁷,
1036 1832 1122 1864 1395.

341 1907 405 1944 (ΒΥ.
420 1916 452 1942 p.
471 1907 490 1934 3
503 1909 542 1940 t.,·
563 1924 594 1927 —
619 1906 670 1935 Gr.
689 1915 714 1935 c.
732 1906 812 1940 126²,-
831 1923 863 1927 —
884 1907 954 1936 PM.
973 1917 995 1936 c.
1015 1909 1054 1936 60
1073 1925 1105 1928 —
1125 1909 1188 1937 PP.
1207 1918 1235 1937 n.
1254 1910 1308 1946 36)

145 1980 216 2011 Huc
237 1979 306 2010 heri
326 1989 376 2010 me
404 1977 532 2014 contuli,
553 1995 592 1999 -
612 1977 748 2017 primum
777 1980 812 2008 ut
832 1980 864 2009 te
885 1978 1032 2016 viderem,
1063 1989 1157 2019 quem
1178 1980 1316 2011 nondum
1337 1981 1449 2012 abiisse
1470 1981 1542 2013 hinc
1557 1983 1579 1999 ¹³

64 2029 255 2075 arbitrabar,
267 2046 405 2077 speranS,
420 2037 566 2067 eventum
581 2034 728 2074 aliquem,
742 2034 798 2075 qui
811 2037 843 2066 te
858 2035 1038 2067 retardaret
1051 2035 1215 2069 affectibus
1229 2038 1314 2075 111018,
1329 2038 1540 2078 obsequutum
1556 2040 1578 2056 ¹⁹

76 2123 84 2140 ⁴
105 2121 152 2150 Gr.
171 2121 244 2157 quid
260 2129 304 2149 mc
322 2127 435 2149 accuses
848 2119 859 2138 ⁹
878 2120 941 2148 Cosi
960 2120 1047 2154 Reff.;
1071 2121 1118 2149 ΒΓ.
1138 2121 1198 2150 PM.
1219 2122 1273 2149 PP.
1292 2130 1374 2150 senza
1392 2122 1414 2150 il
1433 2123 1547 2157 quidem
1560 2133 1570 2157 ,-

75 2167 87 2185 ²
105 2167 151 2195 ΒΓ.
171 2166 235 2195 PM.
253 2165 389 2194 redierim
875 2165 921 2192 Gr.
941 2166 1024 2193 mette
1042 2165 1157 2201 quidem
1176 2166 1205 2193 iu
1224 2166 1350 2202 margine

75 2211 85 2230 ³
105 2209 208 2245 Persio,
226 2210 282 2238 Sat.
302 2209 326 2244 Ι,
344 2217 370 2237 v.
389 2209 424 2237 43
838 2208 860 2227 ¹⁰
879 2209 926 2236 Gr.
945 2209 1076 2238 celebrem
1097 2210 1126 2238 in
1146 2210 1272 2246 margine

153 2255 199 2283 An
217 2254 270 2282 erit
289 2253 336 2289 qui
355 2253 426 2282 velle
445 2253 552 2281 recuset
841 2253 861 2271 ¹¹
882 2253 950 2281 Reff.
969 2256 1004 2282 ut
1021 2255 1052 2282 tec
1070 2254 1146 2282 nosti

117 2300 156 2328 Os
167 2298 264 2335 populi
276 2298 416 2331 meruisse,
429 2298 457 2326 et
469 2297 550 2325 cedro
563 2296 650 2333 digna
662 2296 771 2325 locutus
837 2297 862 2315 ¹2
879 2297 947 2325 Reff.
967 2299 1128 2333 constipata

115 2344 253 2380 Linquere
272 2351 322 2371 nec
343 2342 484 2370 scombros
503 2340 653 2369 metuentia
678 2341 800 2368 carmina
837 2341 859 2361 ⁴³
878 2341 947 2370 Reff.
966 2342 1135 2371 adveniente

653 2385 714 2420 (nec
733 2384 801 2413 tus?
837 2385 860 2404 ¹⁴
879 2385 948 2414 Reff.
967 2386 1054 2422 facio,
1067 2387 1182 2422 judicio
1201 2388 1295 2417 animi

74 2431 85 2451 ⁴
105 2432 151 2460 Gr.
169 2431 255 2460 Duas
273 2432 370 2459 autem
838 2430 862 2449 ¹⁵
881 2430 936 2459 PP.
955 2439 1110 2467 rerumque

77 2477 88 2496 5
107 2476 175 2507 Reff.
194 2477 222 2505 et
238 2475 271 2503 in
289 2477 413 2510 utraque
841 2476 862 2492 ¹⁶
881 2475 926 2502 Gr.
947 2474 1062 2503 Joanm'
1080 2475 1115 2503 cle
1132 2475 1270 2504 Bononia
1283 2476 1407 2511 phisico.

75 2521 87 2541 ⁶
105 2521 166 2549 PM.
185 2520 240 2548 PP.
259 2519 418 2555 quaerebar
839 2520 861 2536 ¹⁷
878 2518 946 2547 Reff.
967 2518 1052 2547 VIII
1067 2519 1136 2548 Kal.
1155 2519 1280 2555 Aprilis,
1299 2528 1313 2548 e
1333 2521 1390 2550 cosi
1407 2521 1462 2555 Gr„
1483 2530 1528 2551 ma
1546 2524 1577 2551 in

75 2565 86 2584 ⁷
106 2565 152 2593 Gr.
171 2565 199 2593 et
215 2571 388 2600 maynopere
875 2563 1000 2598 margine
1018 2563 1085 2592 idus

76 2609 88 2629 ⁸
106 2609 152 2637 Gr.
170 2608 230 2638 sive
840 2606 863 2625 ⁴⁸
882 2606 949 2634 Reff.
969 2607 1036 2635 hinc
1055 2609 1080 2636 te

840 2651 863 2670 ¹⁹
882 2651 929 2679 Gr.
948 2651 1133 2687 obsequium;
1154 2653 1183 2681 in
1202 2654 1328 2690 margine
1346 2654 1510 2684 obsecutum
