1845 3076
246 151 301 182 102
398 180 401 184 ,
870 157 896 180 P.
918 157 943 180 P.
965 157 1113 180 vnnenmo

243 242 399 274 deterruit
419 241 495 273 alios
516 240 632 271 sciendi
653 240 837 280 desperatio,
859 240 948 280 quasi
968 240 1079 281 majori
1099 250 1176 271 cura
1197 243 1229 272 et
1248 240 1379 281 longiori
1398 242 1538 280 tempore
1559 250 1635 280 opus
1656 243 1745 272 esset.

245 299 405 339 Quidquid
425 301 531 329 tamen
551 297 632 328 illud
662 298 741 328 aut¹
771 297 1097 337 quantulumcumque
1119 300 1175 335 est,
1195 297 1278 337 quod
1298 297 1429 328 haerere
1445 297 1456 314 ²
1486 297 1520 327 in
1539 299 1678 337 tempore
1698 298 1750 329 ad-

243 355 371 387 modum
392 355 503 386 brevi3
521 355 633 394 potuit,
653 364 703 385 me
724 354 815 385 sortis
837 364 925 385 meae
947 364 1009 385 non
1030 354 1138 394 pudet,
1167 364 1223 385 nec
1243 354 1384 394 poenitet
1399 354 1409 370 ‘¹
1436 353 1533 385 studii
1559 353 1753 394 laborisque,

244 422 340 444 causa
360 413 426 453 ejus
446 411 590 451 suscepti.
611 410 693 442 Nam
714 413 855 442 metuens
875 410 907 441 id
930 410 1012 451 quod
1033 411 1146 449 evenit,
1167 421 1222 443 1108
1241 407 1358 442 scilicet
1378 413 1577 451 praemature
1602 411 1750 451 magistro

243 469 465 506 destituendos,
486 469 578 499 simul
592 469 687 500 etiam
709 468 785 508 quia
798 470 972 508 postremus
993 469 1133 499 omnium
1146 469 1179 499 in
1200 479 1238 499 ea
1252 468 1378 500 studia⁵
1398 478 1555 505 veneram,
1575 468 1748 500 attentius⁶

243 527 456 567 invigilabam,
477 536 654 566 magnaque
674 535 751 556 cura
771 525 924 563 insudavi,
945 528 981 556 ut
1003 525 1127 566 aliquos
1142 525 1162 563 ⁷,
1194 525 1248 565 qui
1273 535 1322 556 me
1343 525 1509 564 praeibant
1525 525 1546 562 ⁸,
1576 525 1601 555 si
1621 535 1749 565 possem,

243 584 441 624 attingerem.
464 582 531 621 Quo
545 583 578 613 in
592 593 682 614 curso
704 583 847 614 destituti
861 592 967 614 omnes
981 582 1059 614 duce
1080 583 1292 623 magistroque
1313 583 1438 621 fuimus,
1459 593 1555 623 quum
1569 592 1665 622 prope
1682 583 1749 623 jam

245 644 362 673 nietam
376 641 475 681 ipsam
489 642 674 672 teneremus
691 640 756 681 Ego
770 642 877 671 tamen
892 642 1007 680 postea,
1023 640 1106 680 quod
1122 643 1153 671 et
1169 640 1300 671 caeteris
1310 640 1321 656 ⁹
1336 640 1433 672 ferme
1448 641 1610 682 contigisse
1622 641 1750 679 video¹⁰,

248 699 334 729 velut
354 699 387 729 in
402 699 421 716 ¹¹
443 698 582 729 tenebris
602 697 785 738 palpitando
808 697 950 728 nonnihil
970 707 1027 737 per
1042 708 1091 728 1110
1111 698 1221 737 ipsum,
1243 698 1368 729 tametsi
1388 698 1487 730 multo
1498 699 1520 715 ¹2⁷
1540 709 1610 729 cum
1630 698 1748 736 labore,

246 756 371 796 profeci.
402 755 610 793 Quamobrem
629 755 732 786 carius
753 754 790 785 fit
805 755 826 771 ¹³
846 754 923 785 mihi
943 763 980 785 ac
995 754 1016 771 ¹⁴
1037 755 1136 786 multo
1157 755 1283 795 quidem
1306 755 1462 795 acceptius
1484 755 1567 795 quod
1586 755 1683 796 hujus
1703 755 1747 786 di—

246 813 397 853 sciplinae
419 822 487 843 sum
507 814 702 852 assequutus,
733 822 794 852 quo
814 812 885 851 plus
912 812 1044 843 adhibui
1065 813 1097 843 in
1117 813 1310 853 assequendo
1329 812 1455 844 laboris.
1488 811 1547 850 Qui
1569 813 1627 843 etsi
1648 813 1748 844 multo

247 872 345 911 magis
365 871 398 901 in
418 870 450 900 id
472 869 555 910 quod
570 870 591 886 ¹⁵
611 869 700 901 abest
717 870 738 886 ¹⁶
765 869 917 900 desiderio
938 869 1051 900 mentis
1072 869 1164 907 feror,
1194 880 1289 910 quam
1305 870 1327 886 ¹⁷
1356 870 1388 900 in
1409 880 1445 901 eo
1466 870 1551 909 quod
1572 870 1660 901 adest
1681 879 1749 901 con-

245 928 379 968 quiesco,
400 930 507 958 tamen
522 927 544 943 ¹³
565 927 632 967 ejus
653 936 747 958 causa
768 929 799 957 et
818 926 929 963 locum,
950 927 983 957 in
997 937 1059 967 quo
1078 927 1181 965 didici,
1204 929 1236 957 et
1251 926 1381 965 sodales⁷
1403 927 1517 967 quibus
1538 927 1698 966 condidici,
1714 937 1751 958 ac

243 987 480 1025 praeceptorem
508 985 619 1024 ipsum,
640 995 659 1015 a
680 994 742 1024 quo
764 983 868 1021 didici,
890 994 995 1015 amore
1023 984 1158 1024 plurimo
1190 984 1387 1024 complector.
1420 985 1524 1024 Atque
1544 984 1595 1015 1110
1615 984 1751 1024 quidem,

243 1043 377 1073 fortasse
389 1042 409 1058 ¹⁹
430 1042 455 1072 si
470 1042 594 1072 dederit
608 1042 692 1072 Deus
703 1041 725 1057 ²⁰
745 1044 781 1072 ut
796 1041 927 1072 uniatur
948 1041 1084 1072 Ecclesia
1100 1045 1131 1073 et
1146 1042 1334 1073 reformetur
1353 1041 1538 1081 apostolicas
1552 1041 1648 1079 sedes,
1664 1042 1750 1081 apud

241 1099 338 1130 Italos
358 1099 459 1130 locum
480 1109 512 1130 se
534 1099 663 1139 dignum
683 1098 821 1129 inveniet
836 1099 866 1130 ²¹.
899 1099 1042 1130 Meretur
1063 1099 1145 1130 enim
1166 1099 1276 1137 multa,
1296 1109 1473 1139 magnaque
1494 1109 1565 1130 cum
1585 1099 1745 1130 doctrinae

243 1161 312 1188 tuni
328 1158 351 1174 2²
372 1157 467 1188 etiam
488 1156 571 1187 vitae
591 1157 723 1193 ratione,
744 1156 776 1186 in
792 1166 853 1196 quo
875 1156 1085 1196 praedicando
1101 1159 1138 1187 ut
1152 1166 1257 1187 errare
1273 1167 1334 1187 non
1353 1160 1460 1188 metuo
1475 1157 1507 1194 ²²³,
1527 1157 1573 1188 ita
1593 1167 1650 1188 nec
1663 1157 1751 1188 valeo

245 1214 372 1255 fatigari
387 1215 417 1245 2¹.
447 1214 550 1245 Pudet
571 1217 678 1245 tamen
698 1214 820 1245 interea
841 1214 933 1254 quod,
962 1224 1061 1254 quum
1091 1214 1197 1253 cupiat
1217 1223 1281 1245 esse
1301 1214 1427 1251 latinus,
1458 1215 1579 1254 cogitur
1604 1224 1667 1246 non
1685 1216 1752 1245 tam

242 1281 372 1312 graecus
386 1272 408 1289 ‘²⁵
429 1281 638 1312 perseverare,
660 1282 755 1311 quam
775 1274 928 1311 perpetuo
948 1271 1088 1311 periculo
1109 1271 1243 1308 subesse,
1268 1281 1306 1302 ne
1326 1271 1472 1303 barbaris
1487 1272 1510 1288 ‘²⁶
1532 1271 1664 1303 forsitan
1684 1281 1753 1311 cap-

243 1330 325 1360 tivus
346 1329 411 1361 fiat.
433 1329 462 1359 Is
485 1332 531 1360 est
551 1329 679 1360 illarum
706 1329 845 1368 partium
866 1329 981 1360 status!
1005 1328 1131 1360 Patriae
1153 1338 1226 1360 vero
1247 1331 1331 1366 tuae,
1353 1329 1496 1369 potentia
1520 1328 1682 1370 gloriaque
1698 1313 1754 1359 ¹ad-

245 1387 372 1418 modum
400 1386 533 1424 florenti,
560 1386 652 1417 laetis
673 1386 784 1417 animis
805 1386 894 1417 faveo
907 1386 940 1417 ²⁷.
969 1385 1064 1426 Cujus
1085 1396 1182 1426 quum
1202 1386 1241 1417 de
1261 1386 1423 1426 republica
1448 1386 1515 1427 jam
1535 1388 1631 1417 antea
1659 1385 1752 1425 scrip-

245 1444 352 1475 sissem
362 1444 394 1482 ²³,
409 1445 526 1484 scripta
541 1446 648 1475 tamen
669 1443 807 1475 nondum
822 1443 913 1474 edidi.
938 1442 1024 1481 Quae
1040 1443 1065 1474 si
1081 1443 1227 1474 emittere
1246 1444 1412 1475 decrevero
1423 1444 1455 1481 2⁹,
1476 1443 1535 1474 nisi
1548 1443 1604 1475 abs
1618 1445 1650 1474 te
1663 1443 1752 1483 prius

243 1502 309 1533 visa
330 1512 391 1533 non
413 1502 554 1533 edentur.
577 1501 662 1532 Illud
683 1503 789 1533 autem
810 1501 981 1541 plurimum
1003 1501 1107 1541 placet
1127 1501 1166 1533 de
1186 1504 1291 1533 vestra
1312 1501 1483 1542 republica,
1502 1501 1586 1541 quod
1607 1502 1752 1532 externos

243 1559 411 1590 admittitis
432 1559 473 1590 ad
495 1559 646 1599 quosdam
674 1559 825 1599 gerendos
854 1559 1065 1599 magistratus,
1094 1569 1157 1599 qua
1177 1561 1210 1590 in
1232 1569 1266 1591 re
1287 1569 1349 1590 11011
1376 1559 1475 1591 80111111
1497 1561 1552 1596 est,
1582 1557 1640 1596 vel,
1666 1557 1749 1598 quod

243 1617 339 1648 miror
358 1617 465 1648 subest
485 1619 587 1648 metus
607 1616 814 1656 corruptionis
827 1617 850 1633 ³⁰
853 1640 1156 1648 .......

253 1846 261 1862 ¹
283 1845 337 1872 PP.
357 1852 440 1872 senza
459 1845 510 1871 ant
1013 1841 1034 1859 ¹8
1054 1841 1135 1868 Bel-n.
1154 1841 1344 1875 conquz'csco;
1366 1842 1460 1869 tamen

255 1891 265 1907 ἵ
284 1889 366 1917 Bern.
386 1890 427 1916 cst
445 1888 520 1922 qnod
539 1888 659 1916 haurire
1018 1885 1041 1904 ⁴9
1059 1885 1119 1913 PM.
1140 1886 1284 1920 fortassis,
1303 1885 1329 1913 si

256 1936 265 1952 ss’·
284 1934 366 1962 Bern.
386 1941 465 1961 senza
485 1933 562 1962 brevi
1020 1930 1043 1948 ‘²0
1062 1931 1142 1958 Bern.
1164 1930 1257 1958 aderit
1275 1930 1355 1957 Deus

255 1979 264 1997 ἢ
283 1979 363 2006 Bern.
382 1986 415 2005 ac
440 1977 510 2005 tedet
532 1986 545 2004 0
565 1977 666 2004 omette
688 1976 713 2003 le
732 1975 860 2011 seguenti
886 1976 979 2011 parole
1017 1975 1036 1992 '2¹
1059 1975 1114 2003 ΡΙ).
1134 1975 1292 2009 invenerim
1313 1974 1357 2002 ΒΓ.
1378 1974 1455 2002 Ram.
1475 1974 1556 2003 Bern.
1578 1973 1721 2002 inveniret

277 2022 338 2051 sino
350 2023 518 2057 amaneus,
532 2022 577 2049 ΒΓ,
591 2020 626 2048 83
638 2021 779 2056 1100711101,
799 2020 876 2049 1111111,
892 2021 978 2056 tcnet3
1017 2019 1041 2036 ‘²2
1060 2019 1140 2046 Bern.
1159 2019 1299 2053 doctrina,
1321 2019 1381 2045 tum

277 2067 317 2103 gli
337 2067 402 2095 altri
422 2066 514 2094 taedet
1017 2063 1040 2082 2³
1059 2063 1104 2091 ΒΓ.
1118 2063 1151 2091 88
1165 2065 1221 2091 cosi
1234 2078 1240 2098 ς
1261 2064 1341 2090 Bern.
1356 2065 1389 2090 itt
1401 2071 1498 2091 errore
1511 2064 1604 2091 metuo
1616 2076 1622 2097 ς
1636 2061 1678 2098 gli
1691 2060 1758 2089 altri

255 2113 265 2131 f*
285 2113 365 2139 Beru.
384 2111 416 2138 m
435 2119 466 2139 eo
485 2110 581 2138 studio
1052 2116 1152 2136 errare
1169 2109 1263 2136 metuo

254 2156 265 2173 ‘³
284 2156 365 2183 Bern.
384 2154 520 2183 attentius
538 2162 650 2188 quoque
1018 2152 1041 2171 ‘³4
1061 2152 1143 2180 Bern.
1161 2152 1297 2187 fatiyare,
1317 2159 1331 2179 e
1351 2151 1469 2179 termina
1482 2158 1533 2179 oon
1546 2149 1643 2186 questa
1661 2149 1757 2184 parola

255 2200 264 2218 7
284 2200 339 2227 PP.
358 2199 472 2233 aliquas
1052 2196 1149 2232 questo
1169 2196 1334 2224 frammento
1355 2196 1383 2223 di
1402 2195 1502 2224 lettera

254 2247 264 2262 Ν
284 2245 365 2272 Bern.
383 2244 435 2278 qui
446 2251 522 2279 prae
540 2251 583 2272 me
601 2243 683 2272 ibant
1017 2242 1039 2260 23
1060 2241 1106 2269 Gr.
1130 2240 1256 2270 Graecos

254 2290 265 2308 ‘³
283 2289 364 2317 Ber-n.
383 2289 414 2316 in
434 2289 551 2316 cacteris
1018 2286 1041 2305 ’ΞΕ
1061 2286 1123 2313 Cosi
1143 2285 1219 2313 Ram.
1240 2285 1286 2312 Gr.
1307 2294 1320 2313 e
1340 2285 1431 2313 codice
1451 2284 1534 2313 citato
1555 2284 1590 2312 da
1610 2283 1688 2318 PM.;
1715 2281 1755 2318 gli

242 2334 265 2352 1⁰
284 2333 364 2361 Bern.
384 2333 512 2361 videram
1052 2330 1120 2358 altri
1139 2329 1279 2358 barbarus

243 2379 261 2396 Ν
284 2377 366 2406 Bern.
385 2377 474 2405 veluti
491 2376 524 2404 in
1018 2375 1040 2393 97
1060 2375 1122 2403 Cosi
1143 2375 1189 2403 ΒΥ.
1209 2375 1295 2410 8312,
1313 2374 1353 2410 gli
1372 2373 1437 2401 altri
1459 2374 1541 2407 foveo

242 2423 265 2441 ¹⁹
283 2423 366 2450 Bel-11.
384 2423 410 2449 ct
427 2422 518 2450 multo
1016 2420 1039 2438 ‘²³
1058 2419 1104 2448 ΒΓ.
1124 2419 1158 2447 83
1171 2420 1190 2447 t.
1210 2420 1292 2447 nota:
1316 2432 1325 2442 κ
1348 2419 1388 2446 De
1413 2417 1566 2452 Republica
1589 2415 1655 2446 libri
1674 2416 1704 2444 P.
1724 2415 1755 2444 P.

241 2467 263 2485 13
284 2466 340 2494 PP.
359 2465 397 2493 sit
1056 2464 1138 2498 Vorg.
1155 2475 1165 2486 »

241 2511 264 2529 Η
284 2511 364 2538 Bern.
383 2512 409 2539 ct
1017 2508 1041 2528 ‘29
1059 2508 1121 2536 Cosi
1140 2509 1185 2536 ΒΓ.
1205 2507 1239 2535 83
1252 2508 1290 2543 t.;
1309 2506 1349 2543 gli
1369 2507 1435 2534 altri
1455 2507 1576 2535 debuero

242 2556 263 2574 11'·
283 2555 360 2583 Ram⁴
378 2554 471 2590 mayis
490 2554 522 2582 id
539 2553 616 2589 quod
1020 2554 1042 2572 30
1061 2553 1163 2587 Questa
1182 2552 1318 2588 aggiunta
1336 2552 1381 2579 nel
1394 2551 1453 2579 solo
1472 2551 1517 2579 ΒΓ.
1531 2551 1566 2579 83
1579 2553 1609 2586 t.,
1621 2559 1635 2579 0
1648 2550 1672 2579 si
1690 2550 1757 2578 nota

242 2601 265 2618 Μ
284 2600 338 2628 PP.
358 2599 439 2628 adest
1057 2597 1106 2625 che
1125 2597 1209 2624 molto
1228 2604 1325 2625 manca
1343 2604 1360 2624 a
1378 2597 1476 2631 questa
1494 2596 1595 2624 lettera

237 2645 258 2663 ¹⁷
278 2644 358 2672 Bern.
379 2645 519 2679 quantam
538 2643 567 2672 in
585 2642 603 2671 1.
623 2641 651 2670 di
669 2650 758 2678 quam
