1845 3076
782 191 922 215 nmsrom
1567 184 1603 216 81

91 286 337 318 perseverarem,
357 286 414 316 per
429 285 525 316 quam
545 275 687 316 plerique
703 279 855 314 crescunt,
877 276 1002 307 virtutis
1016 275 1085 313 3115,
1106 276 1139 307 111
1155 286 1303 316 magnum
1318 278 1437 308 statum
1452 277 1470 307 ¹.
1492 275 1552 307 Sed
1567 286 1604 308 ea

93 334 144 364 via
161 332 350 375 jamdudum
369 332 536 373 praeclusa
556 336 605 364 est
627 335 659 364 et
679 332 756 364 mihi
776 342 905 372 prorsus
926 332 1100 372 desperata.
1122 332 1196 363 Alia
1216 336 1318 365 restat
1338 335 1375 364 ut
1395 333 1479 373 apud
1501 343 1607 365 saecu·

93 390 176 422 lares
197 390 352 430 principes
373 389 471 421 officio
492 390 605 430 fungar
619 390 638 420 ².
663 389 740 420 Cum
761 389 925 421 indocilem
947 400 996 421 me
1021 390 1144 421 videam
1166 390 1207 421 ad
1229 400 1282 420 eas
1303 393 1397 428 artes,
1418 390 1534 430 quibus
1555 390 1606 422 be-

93 447 207 479 neficia
227 457 310 478 nunc
325 449 452 487 parant,
471 447 504 477 in
519 447 578 478 hac
598 457 632 478 re
646 446 736 478 video
749 457 802 478 vos
821 447 993 487 plurimum
1014 457 1114 487 posse.
1135 447 1297 478 Habemus
1311 448 1436 479 unicum
1457 448 1489 478 in
1512 447 1606 479 ltalia

93 514 208 545 regem,
224 505 288 544 qui,
309 507 342 535 et
354 514 411 535 sua
432 504 549 535 virtute
564 506 596 535 et
617 504 766 535 memoria
781 505 890 544 patris,
912 503 1002 544 longe
1018 504 1145 544 lateque
1161 505 1338 536 notissimus
1352 507 1407 536 est.
1429 505 1459 536 Is
1474 515 1606 545 regnum

93 562 234 603 amplum
254 562 400 602 possidet,
421 564 454 593 et
468 561 567 593 multo
587 562 771 601 ampliorem
786 561 843 592 sibi
860 561 984 592 videtur
997 572 1055 592 sua
1068 562 1168 592 virtus
1183 562 1372 602 fortunaque
1387 563 1398 579 ³
1412 564 1607 603 promittere.

94 619 170 657 Scio,
191 619 331 660 indigere
344 619 525 659 hujusmodi
546 618 702 658 principes
715 619 816 650 doctis
836 619 919 656 viris,
935 621 965 650 et
982 629 1042 649 non
1059 618 1149 649 modo
1164 629 1220 658 pro
1240 620 1426 650 necessitate
1440 620 1494 651 sed
1509 620 1605 652 etiam

93 676 135 708 ad
155 675 285 716 gloriam
306 676 471 716 deputare,
494 676 519 707 si
540 676 724 716 praecipuos
745 675 864 715 aliquos
886 676 971 706 nacti
994 675 1120 707 fuerint.
1150 676 1213 715 Ege
1234 680 1390 716 quantum
1411 678 1607 717 profecerim,

93 733 230 765 viderint
259 733 323 764 alii.
355 733 485 764 Omnem
511 736 598 764 certe
626 735 763 764 aetatem
790 732 900 763 studiis
931 732 1097 763 literarum
1124 733 1272 773 impendi.
1304 733 1347 764 L't
1369 734 1453 765 etin
1475 735 1606 773 artibus,

93 800 172 830 quas
199 790 254 820 diu
274 790 345 830 legi,
375 800 444 821 sum
471 790 579 821 doctor
601 793 632 821 et
653 790 685 821 in
706 790 871 827 medicina,
893 808 932 812 —-
952 790 1133 821 licentiatus
1160 793 1192 821 et
1214 801 1297 821 nuuc
1317 791 1349 821 in
1371 795 1506 831 utroque
1535 793 1607 833 jure

93 857 202 888 parem
223 848 356 888 gradum
376 857 534 879 assumere
549 847 578 885 ⁴;
599 848 684 887 quod
705 847 807 878 nescio
827 858 869 878 311
891 847 948 878 11111
968 850 1041 878 aute
1064 857 1113 878 me
1134 848 1309 887 contigerit.
1332 848 1382 885 Et,
1404 849 1429 879 si
1451 849 1535 880 Deus
1556 850 1607 880 de—

93 904 187 942 derit,
208 905 355 944 perfectis
370 905 418 935 his
430 904 552 942 studiis,
574 904 614 935 ad
628 905 771 936 lauream
787 904 976 936 contendere
990 905 1096 935 statui.
1121 904 1209 942 Quod
1226 915 1323 945 genus
1344 905 1505 937 hominum
1520 907 1606 946 apud

93 971 183 1002 reges
211 962 344 1002 majores
364 962 397 992 in
419 972 532 1002 magno
553 972 676 1002 semper
703 962 820 993 honore
841 962 910 992 suit.
938 961 1081 998 Proinde,
1103 962 1128 992 si
1148 963 1219 1002 quis
1240 963 1317 993 1111111
1346 974 1500 1003 congruus
1520 963 1607 995 locus

93 1018 179 1059 apud
199 1029 304 1058 regem
318 1021 428 1058 patere
449 1021 560 1059 posset,
578 1019 690 1050 vellem
710 1020 821 1050 vestris
842 1019 987 1050 manibus
1002 1022 1033 1050 et
1048 1019 1133 1050 vobis
1155 1020 1334 1051 auctoribus
1348 1020 1393 1052 ibi
1413 1021 1518 1052 locari.
1535 1020 1605 1052 Non

92 1079 199 1107 tamen
222 1076 295 1107 hinc
316 1076 507 1108 discederem
527 1077 586 1107 nisi
601 1087 672 1107 cum
694 1077 797 1116 gratia
817 1076 912 1117 hujus
933 1076 1091 1117 magnifici
1112 1077 1270 1117 principis.
1291 1078 1319 1108 A
1335 1088 1396 1118 quo
1416 1078 1442 1108 si
1458 1089 1507 1109 me
1528 1079 1605 1109 rex⁵

92 1136 225 1173 peteret,
247 1133 317 1171 scio,
338 1144 409 1164 eum
431 1137 463 1165 et
484 1134 516 1164 in
537 1134 604 1171 hoc,
633 1136 665 1165 et
684 1133 718 1164 in
739 1133 808 1165 aliis
836 1144 931 1174 quam
952 1134 1087 1164 maxime
1109 1134 1244 1165 libenter
1265 1145 1379 1174 cupere
1401 1135 1605 1175 complacere.

92 1189 124 1221 Si
140 1190 197 1221 hoc
216 1190 314 1231 igitur
335 1192 468 1228 eveniat,
489 1194 521 1222 et
541 1191 573 1222 id
589 1201 714 1232 quoque
733 1193 884 1231 optarem,
906 1194 941 1222 ut
958 1191 1045 1232 regia
1064 1192 1212 1232 majestas
1226 1192 1266 1223 ab
1288 1193 1354 1232 ipso
1370 1202 1419 1223 me
1441 1192 1607 1234 magnifico

91 1246 217 1278 domino
238 1258 294 1287 pro
316 1259 445 1280 munere
467 1249 613 1289 peteret⁶
634 1273 788 1280 ......

815 1505 878 1536 LX.

614 1596 746 1628 UGONI
770 1597 1055 1629 FERRARIENSI.
1072 1599 1083 1615 ⁷

806 1672 835 1703 S.
856 1673 884 1704 d.

359 1748 423 1784 (ΒΓ.
436 1757 467 1783 p.
489 1748 527 1776 32
541 1749 579 1782 ἰ.,’
599 1764 633 1768 -
657 1748 752 1783 G76;
775 1765 806 1769 -—
825 1749 897 1777 PM.
916 1758 938 1778 0.
958 1749 1051 1782 981.;
1074 1765 1103 1768 -
1123 1749 1186 1777 ΡΡ.
1208 1758 1234 1777 n.
1254 1750 1334 1785 125.)

166 1836 204 1867 Iu
225 1836 370 1868 omnibus
389 1836 498 1874 literis,
520 1846 597 1877 quas
619 1836 659 1867 ad
679 1838 712 1867 te
732 1836 842 1874 scribo,
864 1837 890 1867 51
911 1840 996 1868 recte
1018 1837 1146 1868 memini
1160 1838 1181 1875 ⁸,
1204 1840 1236 1868 et
1250 1849 1364 1879 magna
1386 1842 1417 1869 et
1438 1839 1541 1870 multa
1554 1850 1606 1871 me

89 1893 282 1932 scripturum
302 1894 460 1934 polliceor,
480 1903 610 1933 sperans
632 1894 802 1934 aliquando
823 1896 949 1925 tantum
969 1894 1023 1925 otii
1045 1895 1122 1925 1111111
1143 1898 1271 1935 captare
1294 1906 1355 1936 quo
1379 1897 1438 1927 tibi
1463 1897 1581 1928 diutius
1594 1898 1604 1914 ᾗ

90 1960 202 1982 vacare
223 1951 345 1991 possim.
368 1950 438 1989 Qua
458 1951 585 1990 quidem
605 1961 659 1991 spe
674 1961 730 1991 ego
745 1951 881 1991 denique
902 1951 1059 1983 destituor
1075 1952 1105 1982 ¹⁰.
1127 1952 1187 1983 Tot
1202 1953 1284 1983 enim
1300 1953 1432 1984 adversa
1454 1955 1604 1994 quotidie,

89 2011 217 2048 praeter
238 2008 335 2040 studii
355 2008 418 2039 mei
438 2018 538 2046 curas,
558 2008 719 2048 inopinate
739 2009 974 2048 S11bse1-punt‚¹¹
998 2012 1034 2040 ut
1054 2020 1112 2040 nec
1132 2010 1243 2041 studiis
1260 2021 1316 2041 nec
1332 2011 1379 2042 tib
1395 2012 1510 2051 ineque
1527 2012 1604 2043 mihi

88 2065 269 2106 impendam
290 2066 374 2106 quod
393 2065 501 2103 debeo,
529 2065 584 2097 sed
604 2066 697 2096 variis
723 2066 912 2106 quibusdam
935 2067 1126 2107 cogitatibus
1141 2068 1171 2105 ΓΞ,
1193 2071 1225 2098 et
1241 2079 1290 2099 me
1307 2069 1486 2108 gravissime
1504 2070 1524 2086 ¹²⁵
1545 2073 1607 2101 tor-

90 2123 270 2165 quentibus,
303 2123 449 2155 continue
472 2133 542 2154 sum
562 2123 713 2154 intentus.
743 2123 903 2155 Usitatum
923 2126 1030 2155 tamen
1051 2134 1170 2155 morem
1197 2136 1259 2156 11011
1281 2126 1432 2157 deseram.
1464 2126 1605 2158 Scribam

98 2228 106 2245 ¹
130 2226 184 2254 Nei
203 2225 291 2254 codici
309 2225 425 2261 qualche
444 2224 540 2260 parola
560 2225 587 2253 di
600 2226 698 2261 questo
716 2225 829 2260 periodo
880 2225 889 2244 7
910 2226 1044 2254 (warner.
1064 2226 1176 2262 sslafflzo
1196 2229 1223 2255 et
1235 2228 1389 2262 praeclaro
1408 2230 1472 2256 viro
1490 2230 1607 2259 domino

120 2273 135 2297 0
154 2279 260 2304 11101103,
278 2279 292 2298 0
310 2272 418 2298 stabam
437 2278 492 2298 non
511 2270 535 2297 si
554 2270 652 2306 legge3
672 2271 716 2298 Br.
738 2271 799 2298 PM.
812 2279 825 2298 e
899 2270 1006 2299 Seuero
1023 2272 1056 2298 de
1073 2271 1240 2306 Pereyrinis
1253 2272 1286 2299 dc
1300 2271 1325 2299 J
1325 2274 1478 2308 nstimpcdi
1493 2275 1523 2302 in
1540 2276 1607 2309 jure

119 2315 176 2343 PP.
195 2316 313 2350 portano
332 2315 507 2350 imayincnm
527 2314 589 2343 PM.
609 2317 674 2349 pero
694 2316 761 2342 nota
773 2315 823 2342 che
896 2322 989 2343 (wlff)
1008 2315 1150 2343 licemini«)
1171 2316 1201 2343 ίη
1226 2316 1357 2351 Ycrycsle
1377 2318 1428 2352 (ἲ)

119 2359 193 2388 altro
211 2358 302 2387 codice
320 2358 358 2386 113
375 2359 408 2386 in
425 2365 526 2394 maqstt
878 2358 889 2376 ⁸
909 2358 973 2387 Cod.
985 2360 1116 2388 Guaruer.
1130 2359 1254 2394 men-ini,
1266 2369 1371 2395 masma
1382 2362 1607 2400 ctlmtllascrip-

97 2404 110 2422 ¹³
127 2403 181 2432 Nei
194 2403 280 2432 codici
298 2411 434 2431 mancano
447 2403 472 2431 Ie
491 2403 586 2438 parole
605 2403 698 2437 officio
716 2403 828 2439 funym·
900 2404 996 2430 turum
1009 2404 1204 2438 mepollireom
1215 2412 1334 2438 5110111115
1344 2405 1541 2435 aliasluntum
1553 2410 1606 2439 etc.

119 2449 169 2476 che
187 2447 404 2482 corrispondono
423 2448 546 2476 soltanto
565 2448 591 2476 al
611 2450 748 2484 concetto,
766 2456 823 2476 non
873 2446 884 2466 9
902 2448 948 2475 ΒΓ.
969 2448 1029 2475 PM.
1051 2448 1106 2476 ΡΙ).
1126 2449 1152 2476 et
1172 2449 1246 2484 tuis-3
1267 2449 1322 2477 ΓΡ.
1344 2449 1398 2477 mei

120 2492 213 2526 dubio,
232 2491 260 2520 di
279 2492 341 2527 quel
360 2491 482 2527 periodo.
863 2493 886 2509 ¹⁰
906 2492 989 2519 Guar.
1009 2501 1066 2527 qua
1085 2492 1201 2527 quidem
1219 2493 1342 2528 deniqne
1359 2502 1408 2529 spe
1427 2495 1566 2525 destituor

95 2538 106 2556 ³
124 2537 181 2565 PP.
201 2537 374 2571 facturaque
861 2537 882 2554 ¹¹
903 2536 958 2564 PP.
978 2536 1142 2571 importune
1159 2538 1374 2572 subsequantur

96 2581 108 2599 ⁴
127 2581 190 2609 Cosi
209 2581 255 2609 ΒΥ.
274 2580 336 2609 ΡΜ.
356 2580 412 2608 ΡΡ.
864 2581 886 2599 ¹2
904 2581 950 2609 Br.
970 2581 1031 2608 PM.
1052 2581 1107 2609 PP.
1126 2582 1346 2617 <vastationibus

97 2626 108 2645 ⁵
127 2625 183 2653 PP.
203 2633 250 2653 res
864 2625 886 2644 ¹³
905 2626 951 2654 ΒΓ.
971 2626 1032 2653 PM.
1048 2626 1178 2662 §rariter

87 2671 99 2690 ὅ
110 2669 278 2705 Imperfetta

1447 2727 1480 2756 11
