1845 3076
229 150 268 180 62
859 157 885 179 P.
906 156 931 178 P.
955 156 1103 179 vammum

227 241 268 272 ad
288 240 424 271 alterum
445 239 569 279 quidem
592 239 704 270 horum
725 239 868 279 exemplo
890 249 926 270 ac
946 239 1134 277 testimonio,
1162 239 1203 271 ad
1223 243 1393 281 utrumque
1423 251 1497 272 vero
1517 242 1593 273 satis
1620 242 1743 274 valeret

225 297 364 337 imperio,
385 300 503 333 tamen,
525 306 586 336 quo
606 297 779 336 promptior
800 306 906 334 essem,
928 299 1055 336 praeter
1069 306 1106 327 ea
1126 307 1207 337 quae
1222 297 1258 328 de
1278 300 1310 328 te
1329 298 1431 329 multa
1451 298 1577 330 dixerat
1598 300 1737 331 ostendit

227 353 400 394 epistolam,
430 363 525 393 quam
552 353 592 384 ad
619 363 690 384 eum
716 353 878 384 novissime
912 353 1089 393 scripseras,
1117 354 1293 394 elegantem
1319 354 1407 386 illam
1436 355 1563 395 quidem
1592 359 1624 387 et
1651 357 1736 388 omni

225 411 380 442 suavitate
402 410 562 441 refertam.
584 410 694 450 Neque
720 411 803 441 enim
822 410 891 441 fieri
915 421 1003 450 posse
1024 410 1175 451 intelligo,
1198 414 1234 442 ut
1263 412 1317 451 qui
1338 412 1431 443 aliter
1458 413 1498 443 sit
1521 411 1650 444 affectus
1675 416 1742 445 tam

225 469 306 500 bene
319 468 441 499 dicere¹
464 467 571 507 possit,
593 477 629 498 ac
645 478 706 498 non
728 467 787 498 nisi
807 468 924 498 bonum
944 468 1046 498 virum
1067 478 1133 499 esse
1149 468 1203 508 qui
1217 468 1264 499 ita
1278 471 1403 506 sentiat,
1423 479 1481 500 nec
1502 469 1562 500 nisi
1575 470 1737 510 praeclare

225 526 351 556 doctum
372 525 427 564 qui
447 524 494 555 ita
513 524 670 564 loquatur.
693 524 738 555 Ea
754 534 827 556 vero
849 525 975 555 demum
995 525 1160 564 praeclara
1181 526 1383 556 consonantia
1397 526 1473 556 mihi
1487 526 1620 564 videtur,
1637 537 1735 567 quum

225 583 259 613 in
279 582 403 613 homine
424 581 540 613 diserto
560 591 647 613 mens
662 592 732 612 cum
746 581 856 622 lingua
875 582 1049 619 concordet,
1071 584 1102 613 et
1121 591 1222 613 sermo
1243 592 1314 613 cum
1336 593 1438 623 opere,
1460 585 1565 623 atque,
1594 586 1630 614 ut
1651 594 1741 615 orna-

227 640 344 670 tissime
365 639 435 679 quis
451 639 535 677 dicit,
549 639 595 670 ita
615 642 647 670 et
667 641 752 670 recte
774 639 888 670 vivat?
918 639 1083 670 Caeterum
1105 650 1177 670 cum
1197 649 1235 670 ex
1256 639 1324 671 istis
1344 640 1454 679 61111313,
1476 642 1545 671 111111
1566 651 1604 672 ex
1620 651 1655 672 eo
1675 641 1744 681 plu-

226 697 339 727 rimum
361 696 419 727 tibi
441 696 555 727 debet3
580 699 667 727 aetas
696 698 811 733 nostra,
839 696 922 736 quod
951 706 1012 727 non
1041 696 1190 736 pateris&
1217 697 1357 727 sterilem
1386 697 1418 727 in
1439 700 1471 728 te
1492 707 1557 729 esse
1580 698 1741 736 virtutem,

225 754 288 791 sed,
308 764 406 794 quum
426 754 600 785 tradendae
621 754 698 784 artis
721 754 906 784 Rhetoricae
933 764 1041 784 curam
1062 754 1242 794 susceperis,
1265 755 1352 784 tam⁵
1380 754 1412 784 in
1434 755 1650 794 promovendis
1671 755 1742 787 ado-

226 811 415 842 lescentibus
437 813 469 842 et
488 810 591 841 studio
606 813 670 847 tuo,
693 813 724 841 et
746 811 897 842 felicitate
919 811 1057 850 quadam
1080 811 1224 847 valueris,
1248 814 1283 842 ut
1308 811 1374 851 jam
1397 811 1549 851 plurimos
1570 811 1624 852 qui
1645 812 1744 852 probe

226 878 265 899 ex
288 870 356 899 arte
378 868 481 899 dicere
501 867 628 899 valeant
647 868 788 907 proferre
809 868 916 907 possis.
938 867 996 906 Qui
1023 868 1048 898 si
1069 878 1190 899 morum
1211 878 1336 908 quoque
1358 871 1528 908 praecepta
1548 869 1742 909 sequentur⁸

229 927 261 956 et
283 925 414 956 vivendo
438 928 469 956 te
489 925 708 962 imitabuntur,
737 927 768 955 et
789 925 921 964 duplicis
943 925 1061 965 gloriae
1082 924 1221 955 fructum
1249 936 1287 956 ex
1308 928 1363 956 tua
1385 926 1619 957 conversatione
1639 936 1744 966 repor-

227 983 353 1013 tabunt.
376 982 440 1022 Ego
461 992 534 1013 vero
555 992 604 1013 me
624 982 693 1019 tibi,
720 992 790 1013 cum
811 992 868 1022 pro
889 982 948 1013 hoc
968 982 1079 1013 merito
1104 984 1172 1013 tum
1193 992 1250 1022 pro
1270 985 1327 1013 tua
1341 983 1458 1014 virtute
1479 983 1653 1014 debitorem
1674 993 1743 1023 pro-

226 1039 329 1070 fiteor.
357 1039 417 1069 Pro
443 1049 478 1070 eo
503 1042 609 1070 autem
631 1039 739 1079 quod⁷
758 1039 842 1069 illius
869 1049 910 1076 es,
935 1040 1024 1080 cujus
1042 1039 1130 1079 jussu
1146 1040 1186 1070 ad
1202 1042 1233 1070 te
1258 1050 1341 1070 1111116
1361 1040 1471 1077 scribo,
1501 1050 1563 1071 non
1591 1040 1738 1071 tantum⁸

229 1096 413 1134 debitorem,
434 1107 543 1128 verum
565 1096 660 1127 etiam
683 1098 773 1127 tuum
793 1096 949 1127 hominem
972 1107 1021 1127 1116
1036 1096 1144 1127 credas
1166 1096 1288 1128 vellem.
1304 1097 1391 1135 Vale,
1414 1099 1576 1137 spectatae
1597 1098 1645 1128 vir
1665 1097 1743 1128 inte-

226 1154 359 1194 gritatis.

933 1267 1042 1298 LXIV.

446 1341 683 1373 NICOLAO
718 1341 781 1372 DE
817 1341 1128 1373 LEONARDIS
1164 1341 1385 1373 PHISIOO
1421 1342 1450 1374 S.
1484 1342 1521 1372 D.

779 1425 871 1455 smus,
893 1425 958 1448 xvii
979 1425 1047 1448 Nov.
1071 1417 1157 1448 1407.
1174 1417 1185 1433 ⁹

611 1492 678 1528 (ΒΓ.
693 1501 725 1528 1⁹-
743 1493 803 1526 71;
824 1509 856 1511 —
876 1492 958 1520 PM.
978 1501 1000 1520 c.
1021 1492 1098 1525 131,·
1118 1509 1151 1512 —
1171 1492 1234 1520 PP.
1253 1501 1281 1520 n.
1302 1493 1363 1529 86.)

310 1562 450 1601 Gaudeo,
472 1566 582 1594 natum
597 1563 656 1594 tibi
669 1562 779 1599 filium,
801 1562 885 1602 quod
900 1572 937 1593 ex
953 1562 1086 1599 nemine,
1107 1562 1291 1602 priusquam
1305 1563 1367 1594 tuis
1387 1563 1487 1594 literis
1501 1573 1603 1603 nuper
1618 1562 1745 1601 habitiS‚

233 1621 354 1653 rescivi.
375 1621 414 1652 Et
435 1621 463 1652 ei
479 1631 589 1661 precor
610 1623 646 1651 ut
659 1620 699 1651 sit
720 1620 752 1650 in
773 1622 913 1660 tempore
934 1620 1046 1651 melior
1060 1624 1160 1660 patre.
1182 1619 1292 1661 Neque
1309 1621 1401 1660 enim,
1423 1620 1507 1660 quod
1528 1620 1638 1661 vulgus
1653 1620 1744 1659 solet,

224 1679 266 1710 ad
288 1679 438 1718 injuriam
466 1679 585 1709 dictum
613 1678 710 1718 cupis,
739 1678 859 1718 opinor.
885 1677 1009 1709 Invidet
1036 1678 1118 1709 enim
1139 1677 1215 1716 filio,
1244 1678 1299 1718 qui
1324 1678 1393 1709 fieri
1423 1689 1494 1709 eum
1522 1688 1585 1709 non
1606 1678 1692 1718 cupit
1711 1688 1744 1710 se

226 1736 415 1776 probiorem.
437 1736 558 1767 Stultus
578 1738 685 1767 autem
701 1738 749 1767 est
763 1736 817 1776 qui
830 1735 876 1766 ita
891 1735 930 1766 de
951 1735 1014 1766 suis
1028 1735 1121 1766 rebus
1142 1735 1310 1772 existimat,
1325 1737 1362 1766 ut
1376 1745 1441 1766 esse
1463 1735 1620 1766 neminem
1634 1735 1747 1767 credat

224 1803 257 1825 se
288 1793 450 1824 meliorem
476 1803 576 1833 posse.
604 1794 632 1823 A
653 1793 769 1833 quibus
796 1792 879 1823 vitiis
906 1793 998 1833 longe
1025 1793 1132 1824 abesse
1154 1795 1186 1824 te
1209 1803 1364 1833 cognosco.
1392 1793 1505 1833 Itaque
1526 1795 1557 1824 et
1579 1792 1740 1824 meliorem

225 1852 319 1883 ambo
340 1851 491 1891 cupixnm,
515 1853 547 1882 et
567 1861 630 1882 non
649 1851 787 1891 pejorem
808 1853 943 1890 uterque
963 1860 1134 1890 speramus,
1157 1850 1415 1890 quandoquidem
1430 1851 1451 1867 ¹0
1470 1850 1550 1882 solet
1564 1850 1686 1882 fructus
1701 1852 1747 1882 at-

225 1909 338 1940 testari
354 1908 460 1939 radice
473 1909 492 1925 ¹¹
510 1911 541 1940 et
557 1908 669 1949 origini
682 1908 704 1925 ¹²
717 1917 792 1938 suus
805 1906 932 1938 effectus
945 1907 1141 1947 respondere.
1158 1908 1332 1946 Caeterum,
1344 1907 1370 1938 si
1382 1918 1446 1948 qua
1456 1910 1559 1948 posset
1571 1917 1636 1939 esse
1647 1908 1749 1949 major

226 1966 370 2004 affinitas,
400 1976 496 2006 quam
519 1975 556 1996 ea
578 1976 660 2005 quae
682 1976 720 1997 ex
741 1966 880 1997 amicitia
907 1965 1057 2003 nascitur,
1084 1966 1141 1996 aut
1163 1965 1189 1996 si
1210 1965 1287 2005 quid
1304 1966 1325 1982 ¹³
1347 1967 1475 1996 tuorum
1496 1966 1635 1997 alienum
1656 1976 1675 1997 a
1696 1975 1746 1997 me

224 2026 381 2064 putarem,
402 2026 544 2064 optarem
567 2026 603 2054 ut
623 2026 655 2054 et
678 2034 805 2064 quoque
818 2024 838 2040 ¹⁴
860 2024 893 2054 in
909 2032 1056 2063 praesens
1076 2023 1135 2054 hoc
1155 2026 1210 2054 tuo
1231 2026 1306 2054 nato
1327 2023 1429 2054 medio
1447 2023 1663 2063 jungeremur.
1686 2023 1747 2055 Sed

224 2081 303 2112 haec
323 2083 370 2112 est
384 2080 468 2121 apud
491 2091 540 2112 me
555 2081 711 2112 amicitiae
733 2081 932 2118 existimatio,
956 2083 991 2111 ut
1009 2080 1133 2111 nullum
1146 2081 1167 2097 ¹5
1187 2081 1219 2111 in
1235 2081 1380 2112 humanis
1395 2080 1556 2111 vinculum
1572 2081 1674 2122 majus
1689 2082 1747 2112 aut

226 2139 340 2170 fortius
362 2139 506 2170 arbitrer.
527 2139 633 2178 Atque
654 2139 724 2169 ideo
746 2138 880 2169 filiolum
900 2137 1002 2178 {istum
1022 2140 1114 2168 tuum
1136 2148 1198 2169 non
1219 2138 1323 2169 minus
1344 2148 1450 2169 meum
1472 2138 1624 2176 existimo,
1649 2147 1745 2178 quam

224 2196 249 2226 si
270 2206 308 2227 ex
330 2207 379 2227 me
400 2196 441 2226 sit
462 2198 565 2227 natus
588 2196 632 2227 Ut
652 2196 734 2227 6111111
756 2206 813 2236 per
833 2205 882 2226 me
904 2195 1005 2226 factus
1028 2195 1094 2226 es¹⁶
1115 2196 1301 2235 parentibus
1322 2195 1400 2226 meis
1412 2195 1506 2233 filius,
1521 2195 1567 2227 ita
1581 2205 1638 2236 per
1657 2197 1690 2226 te
1703 2194 1746 2226 fio

224 2253 332 2285 liberis
353 2254 416 2285 tuis
438 2256 538 2293 pater.
560 2253 644 2284 Bene
667 2253 755 2284 vale:
780 2253 859 2285 bene
881 2252 986 2284 valere
1009 2255 1041 2284 et
1061 2253 1162 2284 filium
1182 2254 1307 2284 1111111117
1329 2263 1399 2284 611111
1422 2256 1524 2285 matre
1544 2253 1645 2293 cupio.

223 2331 231 2348 1
251 2329 304 2356 Nei
324 2329 411 2356 codici
429 2329 589 2357 benedicere
1000 2330 1022 2346 ¹⁸¹
1041 2328 1280 2364 quamlowiclwn,
1300 2328 1396 2364 poiche

221 2375 231 2392 ²
252 2373 305 2401 Nei
324 2373 412 2401 codici
431 2374 502 2401 viz-it
1001 2374 1020 2391 ¹¹
1044 2373 1097 2400 Nei
1117 2372 1206 2401 codici
1226 2373 1321 2401 radici

219 2418 231 2435 3
250 2417 303 2445 Nei
322 2418 410 2445 codici
431 2418 528 2446 debeat
1001 2418 1023 2435 ¹⁴³
1042 2418 1088 2445 ΒΓ.
1107 2418 1247 2453 ονίῃίηἰες
1267 2418 1324 2446 ΡΡ.
1344 2417 1420 2445 (1166;
1443 2429 1456 2441 «
1472 2417 1571 2446 melius
1590 2416 1693 2453 origini
1705 2428 1720 2443 »

219 2462 230 2480 ⁴¹
248 2462 304 2491 PP.
317 2462 428 2496 poteris
1003 2462 1023 2481 ¹³
1044 2462 1105 2491 PM.
1125 2462 1203 2497 qnod

217 2507 230 2525 ⁵
248 2507 302 2534 Nei
320 2507 408 2534 codici
428 2508 522 2534 tamen
1001 2506 1023 2525 ¹4
1044 2507 1099 2535 PP.
1118 2514 1248 2542 quaeque

219 2552 231 2569 ⁶
250 2551 305 2579 PP.
324 2552 504 2585 sequzmtm·;
524 2551 585 2580 PM.
605 2553 765 2587 sequamur
1003 2551 1024 2569 ¹27
1045 2551 1100 2579 ΡΙ).
1118 2551 1232 2578 nullam

219 2595 230 2612 ⁷
248 2595 304 2623 PP.
323 2596 392 2630 quia
1002 2595 1024 2614 ⁴ss
1043 2595 1096 2622 Nei
1116 2594 1204 2623 codici
1224 2596 1265 2623 est

218 2640 229 2657 ⁸
247 2639 303 2668 PP,
325 2641 420 2667 tamen
1001 2639 1022 2658 ¹7
1042 2639 1109 2667 Reff.
1130 2647 1212 2667 senza
1231 2640 1313 2666 tuum

218 2684 229 2701 ⁹
248 2683 289 2711 La
307 2683 374 2711 data
394 2683 437 2711 del
456 2683 524 2712 Reff.
548 2684 680 2712 soltantO.
