1845 3076
745 165 883 189 musronr:
1533 160 1570 190 37

63 247 206 288 lapidum
227 248 443 280 meditantur¹
466 247 507 279 ad
527 250 652 280 metam.
675 247 808 280 Colonus
830 259 911 286 vero,
942 259 998 289 spe
1019 249 1170 290 dejectus,
1191 259 1228 281 ac
1249 260 1324 290 prae
1345 252 1432 282 metu
1452 251 1570 283 tacitus

63 304 273 345 immotusque
293 305 474 345 persistens,
495 304 528 335 id
542 314 640 336 unum
654 304 811 337 submissa
831 315 904 336 voce
919 305 1062 337 dicebat:
1084 305 1167 338 Laus
1180 306 1253 344 Deo,
1274 307 1359 347 quod
1372 307 1493 347 persica
1507 317 1571 339 non

63 360 152 392 fuere
181 371 263 401 quae
283 361 393 399 detuli,
425 371 559 402 quorum
590 365 659 393 tum
689 361 781 401 longe
808 362 911 394 minus
943 373 1039 403 quam
1059 362 1177 394 ficuum
1204 366 1328 404 tempus
1360 363 1533 396 advenerat
1549 365 1567 394 ².

61 418 168 458 Atque
188 428 225 450 ea
243 418 340 450 verba
359 417 400 449 ad
413 417 550 458 singulos
569 417 650 449 ictus
663 418 836 449 identidem
849 418 1034 458 replicabat,
1053 429 1114 450 non
1129 420 1218 460 quasi
1239 420 1294 460 qui
1314 430 1347 452 se
1359 420 1560 459 defenderet,

62 474 119 506 sed
133 475 188 515 qui
200 474 351 515 gauderet
363 485 425 506 non
439 474 599 506 offensum.
614 474 740 506 Persica
760 475 841 506 enim
857 475 985 507 duriora
1001 486 1099 516 quum
1114 476 1187 514 sint,
1199 477 1383 516 praesertim
1398 478 1570 509 immatura

61 534 96 563 et
116 534 234 564 testam
254 532 444 563 intrinsecus
469 532 598 569 mittant
623 542 703 572 pene
732 531 898 572 lapideam,
927 532 1171 572 quantumlibet,
1204 533 1377 574 faciemque
1405 535 1570 566 tuberibus

65 587 186 626 multis,
199 588 416 629 designassent
425 589 444 620 ³.

142 645 152 662 ⁴
168 645 213 676 Ex
234 645 399 677 amborum
420 648 527 677 autem
541 646 644 683 factis,
658 649 755 686 atque
770 646 861 678 dictis
882 649 990 678 nostra
1004 646 1098 686 plane
1119 647 1367 687 deprehenditur
1382 649 1568 688 ignorantia,

63 712 147 743 quae
161 705 268 735 nostra
293 703 387 743 culpa
401 703 570 744 colligitur,
595 703 647 743 qui
663 703 728 734 fere
751 703 905 734 nonnulla
920 703 999 742 dolo,
1025 703 1178 744 pleraque
1200 714 1237 735 ex
1262 704 1484 744 imprudentia,
1512 709 1569 737 aut

66 759 189 797 similia,
210 763 268 792 aut
287 770 350 791 non
369 760 459 800 longe
479 760 603 791 diversa
623 760 855 799 committimus,
876 760 1059 800 pariterque
1081 771 1246 800 peccamus
1268 766 1304 793 ut
1326 761 1379 793 1110
1401 763 1455 802 qui
1476 762 1571 793 medi-

62 827 134 848 cum
154 817 232 848 falso
253 817 409 854 induerat,
430 821 594 857 artemque
613 817 672 849 sibi
693 817 882 854 vindicabat,
902 828 997 857 quam
1018 828 1079 849 non
1102 821 1241 855 noverat,
1271 822 1463 859 quapropter
1484 820 1568 850 casui

61 875 159 906 dabat
182 875 194 892 ⁵
223 875 306 915 quod
326 875 441 906 rationi
461 874 598 906 debebat
611 876 631 913 ⁶,
663 877 695 906 et
715 875 871 915 praetium
903 875 1048 915 exigebat
1069 876 1192 913 erroris,
1224 877 1312 916 cujus
1342 886 1436 907 causa
1468 877 1570 916 gravis

63 935 133 963 erat
152 942 270 973 poenae
302 942 382 963 reus.
413 932 504 963 Alter
524 942 648 972 quoque
680 943 742 964 non
762 943 874 972 parum
896 943 934 962 cx
954 942 1009 963 suo
1030 933 1112 964 facto
1137 943 1170 964 se
1184 933 1195 949 ⁷
1229 943 1348 973 poenae
1378 933 1567 973 culpabilem

62 989 217 1021 reddebat
249 992 280 1022 et
300 989 395 1030 plecti
414 989 543 1030 dignum
557 990 568 1005 ⁸
589 1000 696 1029 quum,
726 989 872 1020 inductus
892 989 1069 1021 vehementi
1101 990 1264 1027 desiderio,
1290 1000 1406 1030 speque
1437 990 1570 1021 allectus

60 1046 276 1084 immoderata,
296 1047 483 1088 praecipitat
499 1047 528 1078 vi
544 1049 704 1078 maturare
715 1047 726 1063 ⁹
746 1047 777 1078 id
798 1047 880 1087 quod
894 1047 1090 1078 convenienti
1103 1050 1240 1087 tempore
1255 1049 1323 1078 erat
1339 1047 1570 1087 explicandum,

61 1105 138 1137 dum
157 1105 217 1137 sibi
235 1105 352 1145 primas
374 1107 479 1145 partes
499 1104 734 1136 benevolentiae
756 1114 908 1144 usurpare
930 1105 1043 1135 nititur
1063 1105 1149 1144 apud
1170 1105 1339 1142 dominum,
1365 1105 1419 1144 qui
1440 1105 1490 1135 vix
1512 1105 1572 1136 for-

58 1165 140 1194 tasse
161 1164 334 1202 postremas
353 1162 542 1199 merebatur,
563 1171 680 1202 suoque
700 1161 852 1193 demerito
872 1172 998 1202 gravem
1020 1165 1128 1193 contra
1149 1172 1181 1193 se
1210 1165 1358 1202 provocat
1385 1161 1571 1202 indignatio-

58 1230 140 1257 nem,
162 1219 244 1251 unde
265 1219 436 1261 plurimum
457 1220 577 1260 gratiae
597 1219 739 1251 obtinere
760 1219 915 1259 cupiebat.
939 1219 1079 1259 Uterque
1095 1223 1202 1250 tamen
1223 1219 1283 1250 rite
1299 1219 1490 1259 loquebatur
1510 1229 1572 1250 ma-

58 1287 182 1317 gnoque
197 1277 219 1294 ¹⁰
241 1287 311 1308 011111
331 1277 446 1319 fruct-u,
477 1277 503 1307 si
524 1277 584 1308 rite
606 1287 713 1308 eorum
739 1276 823 1307 dicta
845 1280 1023 1316 pensentur,
1045 1280 1080 1308 ut
1101 1277 1232 1308 caeteris
1254 1277 1285 1307 in
1306 1276 1400 1308 rebus
1415 1277 1435 1293 ¹¹
1457 1276 1570 1316 quibus

57 1335 198 1374 coaptari
213 1338 350 1375 possunt,
371 1337 537 1365 sumantur
551 1335 584 1364 in
598 1333 784 1374 exemplum.
808 1334 864 1365 Ille
882 1335 1007 1374 quidem
1023 1334 1112 1374 quasi
1128 1334 1256 1371 diceret,
1277 1345 1296 1365 a
1310 1334 1376 1365 Deo
1393 1334 1413 1350 ¹²
1434 1333 1571 1373 petenda

57 1394 132 1422 sunt
151 1391 242 1428 bona,
263 1392 318 1432 qui
334 1392 355 1409 ¹³
376 1392 499 1432 penitus
520 1392 607 1423 novit
622 1392 643 1409 ¹⁴¹
665 1393 741 1433 quid
761 1393 802 1423 sit
817 1393 929 1432 cuique
950 1392 1068 1423 1101111111
1081 1392 1198 1436 1101111111
1219 1395 1251 1422 01
1266 1391 1342 1431 quid
1359 1392 1379 1408 ¹5
1401 1391 1571 1431 unicuique

58 1449 176 1479 malum
189 1449 218 1486 ¹⁶,
230 1449 403 1480 remedium
414 1459 488 1480 vero
498 1459 518 1480 a
531 1449 628 1488 nobis,
640 1450 695 1489 qui
705 1450 755 1481 vel
767 1459 889 1489 semper
900 1449 949 1480 vel
961 1459 1053 1488 saepe
1065 1459 1084 1479 a
1096 1449 1269 1489 nobisipsis
1281 1448 1421 1480 fallimur
1432 1451 1473 1486 et,
1485 1448 1569 1488 quod

59 1506 271 1538 damnabilius
285 1509 340 1544 est,
356 1506 468 1538 fallere
481 1506 559 1538 alios
569 1516 795 1546 nonnunquam
808 1516 966 1537 conamur.
978 1506 1068 1537 Alter
1080 1516 1163 1543 vero,
1175 1506 1249 1537 dum
1261 1506 1378 1546 gratias
1392 1506 1456 1546 egit
1472 1506 1538 1536 Deo
1551 1506 1572 1522 ¹⁷

57 1563 142 1604 quod
157 1563 178 1580 ¹⁸
198 1573 261 1595 non
280 1563 493 1604 impetebatur
509 1564 530 1581 ¹⁹
560 1564 673 1595 ictibus
693 1564 893 1604 persicorum,
913 1563 1049 1603 primum
1071 1563 1197 1603 quidem
1220 1573 1275 1594 nos
1296 1562 1453 1600 admonet,
1475 1573 1571 1602 quum

57 1620 189 1652 adversa
208 1621 355 1661 patimus,
377 1630 439 1652 non
453 1620 568 1652 debere
590 1631 641 1652 005
655 1623 798 1661 spectare
813 1621 866 1661 qui
877 1630 909 1652 se
921 1630 1069 1660 prospere
1083 1621 1105 1637 ²⁰
1127 1623 1235 1661 agunt,
1246 1621 1301 1652 sed
1313 1631 1363 1652 eos
1378 1621 1432 1661 qui
1452 1625 1526 1652 sunt
1540 1621 1572 1651 in

59 1678 171 1718 majori
187 1677 377 1710 adversitate
387 1678 558 1710 constituti.
578 1678 699 1710 Horum
715 1678 799 1713 enim
814 1678 1077 1718 contemplatione
1098 1677 1220 1708 facilius
1233 1688 1394 1718 possumus
1415 1678 1573 1709 miseriam

58 1737 197 1766 nostram
211 1735 374 1768 consolari.
396 1735 517 1767 Deinde
529 1735 615 1766 haud
629 1735 650 1752 2¹
668 1735 798 1767 obscure
813 1735 917 1767 dicere
933 1735 1109 1773 videbatur,
1124 1745 1185 1766 non
1202 1735 1315 1766 debere
1332 1736 1489 1767 hominem
1504 1735 1527 1752 ‘²²
1540 1736 1572 1765 in

58 1802 92 1824 se
102 1793 205 1832 ipsum
211 1792 234 1810 ²³
247 1792 346 1824 sedin
358 1793 459 1824 Deum
473 1793 495 1809 ²⁴
507 1792 655 1824 fiduciam
665 1792 782 1824 habere
798 1792 837 1824 de
852 1792 1052 1833 prohibendis
1066 1792 1214 1830 adversis,
1229 1802 1326 1833 quum
1339 1792 1398 1824 hoc
1409 1793 1522 1833 ipsum,
1535 1802 1574 1823 ex

57 1859 120 1890 quo
133 1852 315 1889 speraverat
335 1850 507 1890 plurimum
520 1850 723 1882 inventurum
731 1860 765 1882 se
780 1850 912 1891 gratiae,
932 1850 966 1881 in
977 1860 1104 1890 gravem
1122 1850 1188 1890 ejus
1213 1849 1337 1881 noxiam
1357 1850 1477 1880 iturum
1493 1852 1571 1887 erat,

45 1907 119 1938 'nisi
137 1907 255 1945 fuisset,
278 1907 343 1938 Deo
364 1907 543 1946 miserante,
564 1908 730 1947 provisum,
752 1908 807 1948 qui
828 1918 890 1940 non
905 1907 991 1939 dedit
1007 1907 1148 1938 duriores
1170 1907 1289 1938 fructus
1310 1907 1400 1938 illum
1420 1907 1570 1938 attulisse.

70 2019 77 2036 ¹
99 2017 252 2054 Meditari,
271 2018 419 2054 adoperato
438 2018 467 2046 in
481 2020 577 2054 questo
595 2018 628 2046 ed
646 2018 711 2047 altri
724 2019 798 2047 sensi
834 2020 856 2036 1‘2
875 2019 930 2047 ΡΡ.
949 2019 1018 2047 adeo

91 2062 138 2090 nel
155 2062 226 2091 ME.
246 2071 271 2091 v.
290 2063 334 2091 Du
354 2063 453 2099 Gange.
839 2065 860 2081 ¹³
878 2064 933 2091 ΡΡ.
952 2072 1034 2092 senza
1051 2065 1102 2099 qui

68 2107 80 2125 2
99 2106 166 2135 Reff.
186 2108 285 2135 omette
303 2107 329 2135 10
341 2107 434 2142 parole
452 2115 577 2142 quorum
627 2107 799 2141 advenerat,·
836 2109 857 2125 ¹⁴
877 2107 931 2136 ΡΡ.
951 2108 1019 2136 novi

92 2151 148 2179 ΡΡ.
174 2152 274 2179 01110110
302 2153 372 2186 tum,
401 2151 461 2179 PM.
489 2152 526 2180 ha
550 2153 644 2180 tamen
661 2159 709 2186 per
728 2153 798 2187 tum,
834 2153 856 2171 ¹5
875 2152 929 2180 Nei
948 2152 1035 2180 codici
1053 2152 1131 2188 quod

92 2195 148 2224 ΡΡ.
161 2195 250 2229 ficum
832 2198 853 2214 ¹⁶
872 2196 940 2225 Reff.
958 2196 1074 2224 malum.
1094 2196 1136 2233 gli
1155 2196 1219 2225 altri
1241 2196 1315 2225 malo

62 2241 80 2258 ³
98 2240 144 2268 ΒΥ.
163 2240 224 2268 PM.
243 2240 418 2276 desiynasset
833 2242 855 2260 ¹⁷
874 2241 930 2270 ΡΡ.
947 2241 1009 2277 ‹1in

69 2283 82 2303 ⁴
99 2284 155 2312 ΡΡ.
173 2284 310 2314 ambobus
835 2287 857 2304 ¹⁸
875 2285 930 2314 ΡΡ.
949 2287 1020 2321 quia

69 2330 81 2347 ⁵
99 2328 168 2357 Reff.
186 2329 286 2358 omette
304 2329 352 2366 qui
370 2330 453 2360 1110110
470 2330 572 2366 parole.
834 2331 856 2348 ¹⁹
873 2330 1024 2366 Inzpetere,
1042 2330 1186 2367 aggredire

69 2374 82 2392 ⁶
100 2372 154 2405 ΡΡ.
176 2373 286 2402 delebat
836 2375 859 2392 ²⁰
877 2375 946 2403 Reff.
966 2375 1026 2403 PM.
1045 2375 1096 2410 qui
1109 2382 1248 2410 prospere

69 2418 82 2436 ⁷
100 2416 154 2445 Nei
167 2417 256 2447 codici
269 2426 368 2447 manca
386 2419 407 2447 il
425 2427 463 2448 se.
836 2419 856 2437 ⁴³¹
878 2420 932 2448 Nei
951 2420 1039 2448 codici
1059 2422 1111 2447 aut

70 2462 83 2480 ⁸
100 2462 199 2491 Plecto
218 2463 339 2499 diqnmn
355 2463 389 2491 in
406 2463 484 2497 Reff.;
503 2463 544 2499 gli
562 2462 629 2491 altri
646 2463 740 2492 hanno
757 2463 798 2491 in·
835 2464 859 2482 ‘2⁸2
877 2464 946 2492 Reff.
973 2464 1071 2492 debere
1089 2464 1208 2498 homini,
1235 2464 1277 2499 gli
1294 2463 1359 2492 altri
1377 2464 1474 2494 debere
1498 2465 1577 2494 enim

94 2514 158 2535 vece
177 2507 226 2535 che
245 2509 340 2543 queste
358 2508 453 2543 parole
471 2509 566 2543 spazio
584 2508 692 2536 bianco.
873 2509 983 2536 homini

71 2549 84 2569 ⁹
101 2551 161 2578 PM.
181 2552 341 2586 maturare,
359 2551 415 2581 ΡΡ.
433 2552 624 2581 immaturam
840 2553 863 2571 ‘²³
881 2552 928 2581 Br.
947 2552 1009 2581 PM.
1028 2553 1084 2581 ΡΡ.
1102 2553 1135 2581 in
1152 2560 1182 2581 se
1201 2552 1263 2588 ipso

58 2596 82 2612 ¹⁰
100 2595 156 2624 ΡΡ.
173 2603 347 2631 maynopere
837 2597 859 2616 2⁴
879 2597 925 2625 ΒΥ.
944 2596 1006 2625 ΡΜ.
1024 2596 1057 2625 in
1070 2596 1132 2625 Deo

60 2639 81 2657 ¹¹
101 2639 164 2668 Cosi
181 2640 210 2667 in
225 2640 303 2674 Reff.,
321 2639 362 2676 gli
375 2640 441 2669 altri
455 2641 589 2670 omnibus
606 2649 655 2678 per
668 2642 701 2670 in
712 2642 805 2671 rebus.
