1845 3076
722 169 860 193 EPISTOLE
1491 162 1547 193 125

45 255 214 292 hominum,
235 264 308 285 nam
326 255 453 285 caetera
473 253 599 294 quidem
619 253 702 285 bona
721 255 803 285 sunt.
825 252 935 294 Neque
955 263 1011 294 ego
1031 263 1103 285 eum
1117 255 1136 292 ¹,
1157 254 1211 294 qui
1230 255 1262 286 et
1282 256 1431 286 montana
1457 255 1549 286 mari-

44 312 183 352 timaque
197 311 347 351 temperie
362 313 394 342 et
408 310 555 342 ubertate
567 310 704 350 plurima
717 310 847 342 celebris
862 312 917 348 est,
933 310 1060 350 quique,
1075 311 1101 343 si
1114 321 1176 343 non
1191 311 1252 343 alio
1274 311 1303 343 ei
1317 321 1446 343 munere
1459 311 1547 352 quid-

45 379 142 410 quam
155 369 166 386 ²
185 367 325 406 debeam,
345 370 493 408 parentes
513 367 617 405 habet,
637 366 740 398 Iocum
761 367 812 399 odi
823 367 843 405 ³,
863 367 917 398 sed
938 367 1084 399 homines
1105 368 1149 399 At
1168 368 1246 399 nihil
1267 369 1393 409 quidem
1407 369 1448 400 ad
1466 369 1546 401 illud

45 426 143 458 reddo
157 425 167 443 ⁴
197 435 289 462 nunc,
315 424 401 465 quod
420 424 574 456 malorum
593 424 700 465 objicis
720 424 837 464 ubique
857 424 1018 456 hominum
1037 425 1158 465 copiam
1180 435 1252 457 esse.
1281 426 1383 457 Aliter
1407 426 1489 458 enim
1510 435 1548 458 ac

45 482 141 514 velles
161 485 270 514 contra
289 482 426 513 dicerem
438 481 458 519 ⁵,
479 482 504 512 si
524 481 569 513 ita
588 483 624 512 ut
645 483 693 513 est
711 481 854 513 dicerem.
878 480 1075 522 Quapropter
1089 492 1127 514 ea
1141 482 1216 514 mihi
1231 493 1289 514 vox
1305 493 1367 514 non
1380 493 1454 515 casu
1469 484 1547 515 exci-

45 540 103 578 dit,
123 540 178 571 sed
197 541 307 580 sponte
327 549 365 570 ac
384 549 446 571 non
467 539 533 570 sine
553 539 659 570 dolore
680 539 764 570 dicta
784 541 850 576 est;
870 539 975 570 omnia
988 539 1042 577 ibi,
1062 541 1190 579 praeter
1209 540 1357 579 homines,
1378 541 1459 572 bona
1475 550 1550 572 esse.

44 596 77 629 Si
99 597 181 629 enim
201 597 242 628 ad
262 599 402 628 caeteras
422 596 579 636 quaslibet
598 596 737 636 regiones
757 596 948 634 conferatur,
969 596 1020 627 vix
1041 596 1107 627 ulla
1134 597 1269 635 uberior,
1291 598 1342 628 vix
1363 608 1443 638 quae
1458 599 1470 615 ⁵
1489 609 1550 631 me-

44 654 139 686 liores
159 654 201 686 ad
221 654 337 685 victum
357 663 407 685 res
427 653 532 693 pariat
544 653 555 670 ⁷
577 652 710 693 reperiri
730 653 870 693 profecto
890 653 988 691 nulla,
1009 655 1045 684 ut
1065 653 1183 694 opinor,
1205 657 1316 694 potest.
1338 655 1486 687 Homines
1499 667 1551 687 au-

44 714 111 744 tem
130 711 163 742 hi
183 713 265 748 sunt,
281 720 358 751 quos
373 721 411 742 ex
426 721 475 742 me
497 711 570 751 (nisi
584 710 661 751 quid
684 711 757 742 boni
772 720 810 741 ex
825 710 978 742 diuturna
990 712 1241 752 peregrinatione
1262 715 1426 752 assequtus
1446 713 1503 744 sim
1514 713 1550 753 ⁸),

46 770 104 800 aut
117 778 155 799 ex
169 768 240 806 alio,
253 769 279 800 si
293 778 386 808 quem
399 770 526 808 praeter
538 769 689 800 Sanctum
702 778 740 799 ex
755 768 931 800 concivibus
945 768 1022 799 meis
1042 769 1135 806 nosti,
1149 768 1325 809 intelligere
1339 769 1431 810 plane
1451 772 1549 810 potes.

47 825 93 858 Eo
106 826 118 843 ⁹
137 836 209 857 vero
237 828 383 866 parentes
409 825 519 863 habeo,
539 836 618 866 quos
639 826 720 857 cives
744 825 792 857 sui
817 825 863 866 (id
888 826 972 866 quod
996 836 1059 857 non
1073 825 1163 857 facile
1184 826 1300 867 solent)
1320 827 1416 858 bonos
1435 827 1549 859 dicant.

45 883 120 924 Ego,
140 892 180 914 ne
200 882 275 924 quid
296 883 387 914 nimis
407 883 555 922 tribuam,
577 893 639 914 11011
659 884 785 915 omnino
799 883 923 914 credam
938 883 1043 915 malos.
1064 883 1151 915 Haec
1173 884 1199 914 si
1223 884 1263 915 ab
1280 883 1349 915 aliis
1363 884 1551 923 dicerentur,

45 940 204 973 obstarem
226 950 288 980 quo
308 950 445 980 possem,
467 940 493 971 si
511 940 545 971 id
566 940 678 980 minus,
699 941 836 972 dolerem
857 940 993 981 quidem,
1013 941 1067 972 sed
1088 940 1186 981 magis
1200 941 1282 981 quod
1298 951 1367 972 vere
1383 942 1403 959 ¹⁰
1424 942 1470 973 ita
1489 942 1551 973 dici

44 1000 148 1040 posset
162 998 193 1028 ¹¹.
215 997 333 1029 Verum
354 1008 420 1038 ego,
440 998 702 1038 quemadmodum
718 998 851 1030 solemus
864 1001 1042 1031 nostrorum
1062 1008 1182 1030 errores
1196 1002 1232 1030 ut
1246 998 1349 1030 verius
1362 999 1548 1039 perspicere,

43 1055 90 1087 ita
110 1058 143 1087 et
164 1055 325 1087 liberalius
341 1056 363 1072 ¹²
384 1065 523 1095 carpere,
545 1065 615 1086 cum
635 1055 758 1087 concive
779 1066 847 1087 meo
868 1066 905 1087 ac
925 1066 993 1087 meo
1014 1066 1137 1096 quoque
1159 1056 1318 1097 sanguinis
1337 1059 1369 1087 et
1390 1057 1486 1088 animi
1501 1067 1551 1089 ne-

43 1113 175 1145 cessario
190 1122 294 1153 agens,
308 1112 426 1153 largius
442 1112 573 1144 fortasse
586 1123 681 1152 quam
695 1112 809 1151 decuit,
825 1113 963 1144 strictius
977 1113 1116 1153 profecto
1132 1124 1226 1154 quam
1240 1113 1272 1144 in
1288 1124 1322 1145 re
1341 1114 1391 1152 sit,
1412 1114 1451 1146 (10
1473 1124 1552 1146 00111-

44 1170 132 1201 muni
152 1170 256 1210 patria
276 1170 398 1201 locutus
419 1179 495 1201 sum.
517 1169 617 1208 Quem
636 1179 809 1201 sermonem
831 1181 893 1201 non
913 1181 1022 1202 vereor
1038 1171 1119 1202 tanti
1133 1171 1218 1211 apud
1238 1171 1314 1202 alios
1329 1171 1408 1209 fieri,
1432 1174 1477 1209 ut,
1499 1182 1552 1203 au-

44 1227 123 1259 ctori
137 1230 302 1267 superstes,
316 1227 426 1258 infami
439 1237 503 1259 esse
517 1227 696 1268 sigillationi
716 1228 782 1259 loco
802 1227 849 1258 illi
863 1227 966 1268 possit.
989 1227 1091 1266 Quum
1106 1238 1187 1265 eum,
1205 1231 1240 1259 ut
1251 1229 1272 1245 ¹³
1293 1239 1395 1269 neque
1414 1229 1553 1260 moribus

43 1285 130 1322 meis,
150 1284 234 1325 quod
254 1287 291 1315 tu
311 1284 388 1316 1111111
408 1285 559 1317 adscribis
575 1285 605 1323 ¹⁴,
628 1295 749 1323 ornare,
771 1285 816 1316 ita
836 1295 894 1316 1100
914 1285 1054 1316 oratione
1067 1285 1260 1317 labefactare
1280 1297 1416 1326 possum,
1429 1296 1548 1324 vereor,

44 1352 84 1373 ne
98 1352 130 1373 se
144 1343 242 1383 magis
256 1342 322 1382 ipse
334 1343 354 1359 ¹⁵
376 1352 502 1374 suorum
515 1342 619 1374 homin
626 1353 678 1373 um
693 1343 903 1382 pravitatibus
918 1343 1029 1374 foedet.
1051 1343 1186 1375 Potuere
1201 1344 1234 1374 id
1247 1344 1340 1375 multi
1356 1347 1430 1375 ante
1449 1344 1507 1375 hoc
1518 1344 1549 1382 ¹⁶,

43 1401 81 1430 ut
107 1409 169 1430 non
193 1399 284 1431 modo
311 1399 459 1438 homines,
491 1410 600 1431 verum
620 1402 652 1430 et
672 1401 766 1431 urbes
780 1400 802 1417 ¹⁷
833 1402 864 1431 et
883 1410 981 1440 regna
1014 1401 1205 1441 sempiterna
1238 1404 1385 1432 notarent
1408 1401 1548 1432 infamia.

44 1455 147 1488 Licuit
167 1460 200 1488 et
220 1457 319 1488 Paulo
339 1457 487 1497 apostolo,
509 1457 563 1497 qui
584 1467 655 1488 cum
676 1457 778 1488 multa
799 1459 867 1488 arte
888 1460 957 1488 tum
970 1460 1003 1489 et
1016 1458 1170 1498 superiori
1184 1458 1264 1489 dono
1282 1458 1411 1496 valeret,
1432 1461 1469 1489 ut
1485 1458 1555 1490 Cre-

44 1516 158 1552 tenses,
179 1514 273 1545 unica
293 1514 442 1554 (1111111131Β
463 1517 538 1545 ante
558 1524 590 1545 se
606 1517 717 1554 poetae
731 1525 790 1546 vox
806 1515 918 1554 fuerat,
937 1515 1067 1546 famosos
1082 1515 1254 1547 invectione
1269 1515 1395 1547 faceret.
1417 1515 1476 1547 Sed
1490 1526 1553 1547 non

44 1574 93 1603 est
106 1582 144 1603 ea
157 1572 245 1612 copia
260 1571 468 1609 1111111,1111100
482 1572 566 1612 quod
580 1572 651 1603 nolo
670 1581 801 1612 sperem,
823 1575 880 1603 aut
900 1573 1032 1613 patriae,
1053 1575 1090 1604 ut
1110 1572 1167 1604 hoc
1188 1583 1207 1604 a
1228 1584 1277 1604 me
1299 1576 1429 1605 metuat.
1447 1573 1553 1605 Caete-

49 1639 129 1668 rum,
149 1639 190 1660 ne
199 1629 352 1670 judicium
373 1629 452 1660 illud
467 1629 488 1646 19
509 1631 609 1667 tuum,
625 1629 709 1669 quod
724 1629 821 1660 divini
835 1629 911 1660 mihi
924 1630 1024 1660 instar
1037 1630 1159 1662 oraculi
1171 1633 1228 1668 est,
1249 1631 1422 1670 praeterire
1438 1631 1554 1669 videar,

46 1686 177 1718 efficiam
198 1687 281 1726 quod
299 1686 427 1727 jussisti,
448 1686 503 1717 sed
523 1686 570 1717 ita
590 1686 725 1726 quidem,
747 1690 784 1718 ut
804 1687 904 1718 eidem
926 1687 1041 1719 Sancto
1060 1690 1174 1727 nostro,
1189 1688 1315 1727 homini,
1330 1691 1366 1719 ut
1380 1689 1446 1726 seis,
1467 1699 1554 1729 pere-

46 1743 164 1782 rudito,
178 1746 275 1784 atque
291 1744 328 1781 ei,
344 1754 437 1784 quem
450 1754 558 1775 vereor
577 1754 616 1775 ne
637 1744 686 1776 vel
707 1744 806 1775 solum
827 1744 887 1776 hac
901 1747 1005 1776 aetate
1021 1745 1191 1776 communis
1208 1746 1285 1776 mihi
1298 1756 1368 1777 cum
1383 1746 1436 1777 illo
1450 1746 1555 1786 patria

47 1801 162 1833 bonum
182 1801 301 1838 tulerit,
316 1803 396 1832 vices
409 1801 480 1832 dem
495 1812 588 1833 meas.
610 1802 776 1832 Dimittam
798 1801 881 1833 enim
901 1801 942 1832 ad.
963 1812 1044 1840 eum,
1066 1812 1136 1834 cum
1150 1803 1264 1834 litteris
1280 1803 1365 1841 meis,
1390 1804 1555 1843 epistolam

45 1860 144 1896 tuam,
166 1868 261 1898 quam
282 1862 315 1890 et
337 1859 494 1899 elegantia
517 1859 565 1889 sui
592 1861 624 1890 et
648 1858 811 1890 affectione
832 1859 977 1899 plurima,
999 1870 1062 1900 qua
1081 1862 1114 1891 te
1134 1860 1215 1899 colit,
1237 1861 1410 1900 gratissime
1431 1861 1555 1892 habitu-

46 1925 116 1947 rum
137 1926 209 1947 eum
229 1916 299 1947 scio.
320 1916 575 1956 Admoneboque,
591 1916 639 1948 uti
654 1917 804 1948 mandato
820 1920 884 1954 tuo,
904 1917 1055 1957 permissu
1076 1928 1153 1955 meo,
1170 1918 1351 1958 judicioque
1366 1928 1420 1949 suo
1441 1918 1554 1958 gravis-

46 1972 132 2011 simo,
147 1973 292 2014 corrigat,
307 1976 434 2011 resecet,
455 1976 565 2011 mutet,
580 1974 770 2014 adjiciatque
786 1974 869 2014 quod
882 1974 968 2006 libet.
983 1974 1043 2006 Sed
1058 1975 1096 2006 de
1111 1975 1169 2006 1100
1183 1975 1309 2015 quidem
1323 1976 1407 2013 satis,
1424 1975 1554 2006 fortasse

45 2030 144 2061 nimis.
167 2030 259 2062 Nunc
279 2031 320 2062 ad
340 2031 495 2071 reliquum
510 2031 607 2062 venio.
631 2031 815 2063 Gratificam
830 2033 1012 2069 orationem,
1026 2043 1090 2072 qua
1103 2032 1218 2064 debere
1233 2043 1283 2064 me
1298 2035 1389 2064 tanta
1403 2033 1553 2073 magistro

46 2087 167 2120 Joanm‘
176 2098 245 2119 meo
257 2088 412 2128 praedico,
423 2089 587 2129 subarguis
599 2089 688 2129 quasi
696 2089 718 2106 ²⁰
729 2089 761 2120 in
773 2089 933 2121 reddenda
945 2090 1047 2130 gratia
1058 2090 1144 2121 ultra
1155 2100 1249 2130 quam
1260 2090 1365 2122 decuit
1376 2100 1555 2131 progressus

59 2210 67 2227 ¹
87 2209 132 2238 Gr.
152 2217 201 2245 eqo
220 2217 293 2237 sum.
821 2211 841 2228 ¹0
861 2211 915 2239 PP.
934 2219 1021 2245 quam
1040 2219 1111 2239 rere.

57 2255 66 2271 ²
86 2253 139 2281 Nei
158 2253 242 2281 codici
263 2253 406 2288 quiequid,
434 2255 536 2282 occetto
560 2254 606 2282 Gr.
624 2262 639 2282 e
657 2254 728 2282 altro
746 2255 782 2282 ci·
819 2257 838 2273 1¹
859 2256 914 2283 PP.
929 2255 1032 2290 possit.

80 2299 138 2326 tato
156 2298 190 2325 da
210 2298 269 2327 PM.
819 2301 840 2318 ¹¹²
861 2300 914 2329 PP.
934 2300 1108 2328 liberalibus.

56 2343 68 2360 ³
86 2343 132 2371 ΒΥ.
151 2351 164 2370 e
185 2342 243 2370 PM.
263 2351 322 2370 non
340 2343 396 2371 odi.
820 2346 841 2362 ¹³
860 2345 912 2372 Nei
932 2344 1016 2372 codici
1034 2353 1117 2379 quem
1136 2347 1175 2373 ut.

57 2387 68 2404 ⁴
86 2386 140 2414 Nei
159 2386 245 2415 codici
264 2387 355 2421 red00‚
374 2388 475 2415 0000110
494 2388 525 2415 ut
545 2396 638 2423 snpra.
823 2390 843 2407 ¹⁴
863 2390 909 2419 Gr.
927 2389 1004 2424 quod
1022 2398 1098 2417 nnnc
1116 2389 1265 2418 adscribis.

57 2432 69 2449 ⁵
86 2431 141 2467 Br„
162 2431 208 2459 Gr.
227 2440 241 2459 e
260 2432 320 2460 PM.
348 2433 504 2467 contraque
530 2441 617 2468 quam
641 2433 784 2470 (leberem;
821 2435 843 2452 ¹⁵
862 2434 908 2462 Gr.
929 2434 999 2469 ipsa.

80 2475 136 2504 PP.
154 2477 254 2504 contra
272 2476 406 2505 deberem.
822 2480 843 2496 ¹⁶
862 2479 917 2513 Br.,
937 2480 982 2507 Gr.
1003 2487 1017 2505 e
1037 2479 1097 2507 PM.
1115 2479 1176 2508 leae.

57 2521 70 2538 ⁶
87 2519 140 2548 Nsi
159 2520 252 2556 codici⁷
271 2522 374 2549 eccetto
393 2522 449 2557 Gn,
467 2521 518 2550 sed
535 2529 615 2558 quae.
824 2524 845 2541 ¹⁷
864 2523 920 2559 Bu,
939 2524 985 2551 Gr.
1005 2532 1019 2549 e
1038 2524 1098 2552 PM.
1118 2525 1151 2551 ut
1170 2525 1259 2553 arbes.

59 2565 71 2582 ⁷
88 2564 142 2592 Nei
154 2564 245 2606 ‘codici
263 2566 356 2600 parat.
823 2568 844 2585 ¹8
863 2567 915 2595 Nei
935 2567 1019 2595 codici
1038 2576 1111 2603 quae
1129 2576 1144 2596 0
1162 2570 1213 2604 qui
1231 2571 1265 2598 et.

58 2609 70 2626 ⁸
89 2608 142 2636 Nei
161 2608 246 2637 codici
264 2610 340 2644 quod
358 2610 442 2640 bom'.
456 2632 462 2639 .
477 2633 482 2640 .
496 2632 504 2640 .
521 2619 593 2640 sum.
823 2614 845 2630 ¹⁹
864 2612 910 2640 Gr.
930 2620 1012 2640 senza
1030 2613 1113 2641 illud.

57 2653 71 2671 ⁹
90 2653 142 2681 Nei
161 2653 246 2682 codici
265 2662 319 2683 eos.
820 2658 843 2675 ²⁰
862 2657 917 2685 PP.
935 2657 1019 2692 quod.
