1845 3076
759 179 896 202 EPISTOLE
1540 171 1579 201 35

770 344 896 376 XXVII.

288 471 493 504 JOANNI
523 470 773 503 DOMINEO
804 470 1073 503 SEGNENSI
1106 471 1362 504 EPISCOPO

429 565 492 600 (Br.
507 573 539 599 p.
559 566 594 592 11
615 566 652 597 t.‚·
676 580 702 584 —
724 563 795 592 PM.
814 574 836 592 ι’.
856 573 932 596 ......,·
954 579 981 583 -
1005 563 1068 591 PP.
1087 573 1114 591 η.
1134 564 1211 597 137.)

148 671 236 702 Duae
266 680 316 703 res
337 670 453 710 passim
484 670 577 710 vulgo
598 671 772 700 narrantur
803 669 842 700 dc
864 669 983 701 duobos
1000 671 1017 707 ¹,
1054 669 1154 701 altero
1176 670 1307 707 urbano,
1329 671 1429 703 altero
1450 673 1578 710 rustico,

70 728 201 769 exiguae
222 727 348 768 quidem
366 727 466 764 sortis,
482 726 658 758 hominibus
679 737 741 757 non
761 726 915 758 inertibus
936 729 1042 757 tamen
1058 729 1115 758 aut
1136 737 1261 767 prorsus
1275 727 1407 758 insulsis.
1429 728 1515 767 Quae
1536 730 1579 760 fa-

67 785 163 817 bulae
184 794 223 816 ne
243 784 305 815 sint
327 794 367 815 an
388 794 460 815 vero
481 786 587 824 gestae
608 793 667 821 res,
682 784 838 815 incertum
853 787 907 814 est.
932 784 1002 824 Ipsa
1023 786 1130 815 tamen
1144 785 1285 815 narratio
1306 785 1396 816 facile
1413 786 1472 816 sibi
1488 786 1580 817 histo-

69 842 134 873 riae
156 841 250 872 fidem
271 841 416 872 vindicat.
439 841 479 872 Et
490 841 560 881 joco
574 840 710 881 quidem,
732 844 767 872 ut
781 841 864 872 inter
878 841 974 872 socios
989 841 1034 879 fit,
1056 841 1167 872 referri
1181 841 1291 878 solent,
1307 845 1403 882 atque
1420 842 1461 873 ad
1476 843 1577 873 varios

68 898 196 930 effectus
207 898 340 939 jocando
354 898 448 935 trahi,
469 908 525 938 pro
539 899 692 938 cujusque
707 898 843 934 solertia,
859 908 979 938 proque
993 899 1135 935 materia,
1159 898 1198 929 de
1213 909 1277 938 qna
1292 900 1444 939 contingit
1458 900 1577 932 habere

66 965 248 987 sermonem.
280 955 360 986 Mihi
380 966 461 994 vero,
492 956 618 987 tametsi
637 955 856 996 imperitorum
876 955 1038 986 hominum
1063 955 1148 987 dicta
1176 956 1324 995 factaque
1352 959 1575 994 memorentur,

65 1012 236 1053 plurimum
256 1015 362 1044 tamen
377 1012 481 1044 valere
500 1013 565 1044 visa
577 1015 652 1044 sunt
672 1013 712 1043 ad
727 1012 800 1049 duo,
820 1012 935 1052 quibus
948 1012 1141 1051 permaxime
1154 1013 1275 1053 indiget
1290 1023 1389 1053 genus
1404 1013 1576 1051 hominum,

67 1073 98 1101 et
119 1070 186 1101 sine
205 1070 321 1110 quibus
351 1070 432 1101 male
453 1070 614 1101 nobiscum
649 1070 754 1110 agitur
786 1069 817 1099 in
838 1069 898 1100 hac
918 1070 991 1106 vita,
1013 1069 1158 1101 videlicet
1186 1070 1226 1101 ad
1242 1071 1252 1087 2
1283 1070 1421 1101 divinam
1442 1072 1577 1111 gratiam

64 1127 304 1167 promerendam
325 1129 357 1158 et
370 1128 411 1158 ad
426 1127 672 1168 componendam
689 1128 829 1167 quietem
843 1128 958 1158 mentis
972 1127 1139 1165 humanae,
1161 1128 1187 1159 si
1200 1128 1211 1144 ³
1232 1128 1397 1159 fecerimus
1411 1138 1494 1168 quae
1506 1128 1576 1159 fieri

64 1184 148 1216 alter
168 1184 317 1216 monebat
349 1184 431 1215 alter
452 1194 522 1215 vero
543 1187 575 1215 et
598 1184 744 1215 iaciebat.
777 1183 894 1215 Dicunt
914 1184 1006 1221 enim,
1028 1185 1197 1224 quemdam
1226 1184 1330 1221 fuisse,
1352 1185 1578 1217 Tuscunellum

63 1242 198 1279 nomine,
220 1242 276 1282 qui
297 1244 447 1282 quaestus
466 1242 570 1282 gratia
584 1242 729 1273 medendi
744 1243 763 1278 ⁴,
785 1242 874 1283 cnjus
895 1244 964 1273 erat
977 1243 1116 1283 ignarus,
1137 1242 1237 1273 multa
1252 1242 1462 1280 nihilominus,
1483 1243 1578 1283 hujus

65 1299 166 1338 operis
187 1301 364 1339 praetextu,
395 1299 607 1330 emolumenta
638 1299 899 1339 consequebatur,
931 1302 968 1330 ut
989 1302 1063 1330 sunt
1083 1299 1223 1330 homines
1236 1299 1246 1316 ⁵
1274 1300 1429 1331 tenendae
1451 1309 1577 1339 recupe-

65 1356 223 1387 randaeve
245 1355 356 1387 salutis
377 1356 470 1393 avidi,
502 1356 596 1396 pauci
616 1366 690 1387 vero
721 1357 777 1396 qui
809 1357 929 1396 possint
943 1357 954 1372 ὃ
983 1356 1023 1387 de
1050 1356 1227 1387 artificibus
1254 1357 1373 1396 peritis,
1403 1357 1452 1388 vel
1483 1357 1578 1396 impe-

65 1413 134 1444 ritis
150 1413 303 1453 judicare.
326 1412 386 1443 Hic
399 1413 410 1429 ⁷
435 1413 528 1450 enim,
560 1424 660 1453 quum
679 1413 801 1444 videret
823 1423 940 1453 aegros,
974 1413 1029 1453 qui
1049 1413 1099 1444 vel
1120 1413 1160 1444 ab
1182 1413 1255 1453 ipsis
1275 1413 1402 1445 famatis
1415 1414 1426 1430 ⁸
1447 1414 1575 1445 medicis

64 1470 301 1510 diligentissime
322 1470 481 1501 habentur
502 1480 587 1507 cura,
607 1481 669 1502 non
692 1481 799 1502 omnes
820 1471 937 1507 sanari,
959 1489 997 1493 —
1018 1471 1096 1511 quin
1116 1480 1154 1502 ex
1178 1471 1222 1502 eis
1237 1471 1402 1511 plerosque
1423 1471 1473 1502 vel
1498 1471 1578 1502 mori

60 1529 205 1568 protinus
219 1528 268 1559 vel
283 1527 338 1559 diu
354 1528 513 1568 languere,
530 1528 595 1559 sive
609 1528 709 1559 morbi
730 1528 788 1559 hoc
809 1528 932 1559 accidat
953 1538 1058 1566 causa,
1079 1528 1142 1559 sive
1162 1528 1254 1568 culpa
1270 1528 1497 1568 languentium,
1513 1529 1578 1559 sive

61 1585 204 1625 ipsorum
219 1585 377 1625 imperitia
391 1585 593 1622 medicorum,
608 1603 646 1607 —
661 1585 813 1625 quosdam
829 1585 934 1623 etiam,
950 1585 998 1616 vel
1014 1585 1209 1616 acutioribus
1223 1586 1339 1616 morbis
1355 1584 1486 1616 afflictos
1500 1586 1511 1601 ⁹
1527 1586 1575 1616 vel

62 1642 216 1673 diuturna
226 1641 434 1673 invalitudine
445 1644 657 1682 consumptos,
671 1652 707 1672 ac
727 1642 822 1673 etiam
834 1653 853 1673 a
863 1642 994 1674 caeteris
1005 1642 1199 1682 desperatos,
1220 1652 1277 1682 per
1291 1643 1452 1682 imperitos
1467 1645 1574 1673 tamen

62 1699 198 1731 medicos
219 1709 256 1730 ac
277 1700 511 1740 superstitiosas
532 1699 733 1731 mulierculas
748 1700 789 1731 ad
804 1700 969 1740 pristinam
981 1700 1160 1740 sospitatem
1176 1700 1325 1737 revocari,
1340 1718 1379 1722 -
1400 1703 1431 1731 et
1448 1701 1580 1739 insuper

62 1756 196 1788 medicos
212 1767 273 1795 eos,
285 1757 341 1797 qui
352 1757 514 1797 peritiores
527 1757 548 1774 ¹⁰
562 1756 731 1795 habentur,
747 1758 812 1788 fere
826 1767 949 1797 semper
963 1757 1004 1788 ad
1019 1757 1150 1788 invicem
1165 1758 1182 1774 ¹¹
1199 1757 1374 1794 dissentire,
1392 1760 1428 1787 ut
1441 1757 1577 1788 discerni

60 1813 242 1845 nullatenus
256 1816 313 1845 aut
327 1814 378 1845 vix
393 1815 500 1854 possit,
516 1817 588 1845 uter
603 1817 687 1846 recte
701 1815 828 1852 sentiat,
841 1833 879 1837 —
891 1825 996 1846 omnes
1012 1818 1119 1846 tamen
1130 1814 1220 1845 lucra
1232 1825 1346 1855 magna
1357 1815 1526 1854 percipere,
1538 1833 1577 1836 —

63 1870 119 1901 sed
137 1870 218 1902 illud
238 1871 392 1912 imprimis
405 1882 477 1903 cum
499 1872 603 1909 sciret,
625 1871 724 1912 (quod
739 1872 837 1903 nescit
852 1882 951 1909 nemo,
971 1872 1120 1912 quodque
1141 1881 1218 1912 prae
1232 1872 1376 1903 omnibus
1390 1872 1577 1903 securiorem

63 1938 134 1959 eum
147 1928 286 1960 reddidit
297 1929 497 1968 professionis
510 1929 689 1969 negotiique
703 1929 884 1969 subeundi),
897 1940 958 1960 non
973 1929 1054 1960 sumi
1069 1929 1259 1969 supplicium
1270 1930 1308 1960 de
1322 1929 1463 1966 Medicis,
1474 1929 1530 1969 qui
1544 1929 1579 1959 in

65 1985 204 2016 alienum
221 1985 352 2017 exitium
364 1988 396 2017 et
407 1986 440 2016 in
454 1989 550 2026 caput
562 1986 723 2026 vitamque
734 1986 867 2017 hominis
879 1987 901 2004 ¹2
912 1991 1056 2024 errasset,
1068 1986 1146 2017 nihil
1157 1986 1315 2017 dubitavit
1327 1989 1427 2017 artem
1439 1985 1577 2026 aggredi,

66 2052 148 2082 quae
162 2044 285 2074 tantam
297 2042 430 2074 haberet
441 2042 698 2074 incertitudinem
710 2046 742 2074 et
753 2045 819 2074 tam
839 2047 959 2075 certam
970 2044 1201 2075 immunitatem
1223 2047 1259 2074 ut
1273 2043 1449 2075 artificibus
1463 2044 1527 2074 suis
1538 2043 1577 2075 de

62 2109 97 2130 re
112 2100 250 2131 maxima
262 2110 368 2131 errare
380 2100 508 2140 impune
522 2100 640 2131 liceret.
654 2100 697 2132 Ut
709 2110 781 2141 ergo
792 2103 938 2141 prompta
946 2101 966 2118 ¹³
978 2101 1144 2133 subessent
1156 2110 1213 2131 nec
1220 2110 1348 2132 necesse
1357 2100 1489 2132 haberet
1501 2101 1578 2140 quin

61 2157 235 2197 requisitus
249 2159 326 2188 tunc
341 2157 477 2197 primum
496 2157 624 2189 consilia
638 2168 658 2188 a
672 2157 761 2189 libris
776 2158 941 2198 exquirere
958 2158 1056 2198 (quod
1071 2158 1198 2198 quidem
1212 2159 1231 2175 ¹⁴
1246 2158 1332 2189 haud
1345 2160 1463 2189 temere
1476 2158 1496 2175 ¹⁵
1510 2158 1580 2189 soli-

61 2217 131 2246 tum
143 2217 191 2246 est
201 2215 250 2246 vel
262 2215 302 2246 ab
313 2215 474 2255 aliquibus
488 2215 605 2246 servari
616 2215 671 2255 qui
683 2218 714 2247 et
724 2215 856 2247 scientia
869 2219 900 2247 et
913 2227 973 2248 usu
981 2215 1127 2247 medendi
1140 2216 1378 2247 excellentiores
1389 2215 1574 2255 habentur),

71 2343 77 2360 ¹
101 2342 169 2371 Reff.
188 2343 275 2379 vulyo
295 2343 328 2371 de
347 2343 456 2371 duobus
849 2346 860 2362 ⁹
881 2344 933 2372 PP.
954 2344 1068 2378 affectos

69 2386 80 2405 ²
99 2387 152 2415 Nei
170 2386 257 2415 codici
275 2395 381 2416 omesso
400 2388 438 2415 ud
837 2390 859 2406 ¹⁰
877 2388 932 2417 ΡΙ).
949 2390 1062 2423 priores

67 2432 79 2449 ³
98 2431 143 2459 ΒΓ.
163 2431 218 2460 ΡΡ.
237 2431 390 2460 humanae.
411 2431 445 2460 Si
835 2434 855 2451 ¹¹
875 2433 943 2461 Reff.
962 2441 1072 2468 semper
1089 2433 1211 2462 invicem

67 2476 78 2493 ⁴
96 2477 231 2510 quaestus
248 2476 387 2510 medendi,
404 2476 576 2511 professione
595 2477 623 2505 di
642 2476 784 2505 medicina.
831 2478 853 2495 ¹²
873 2477 918 2505 ΒΥ.
938 2477 999 2506 ΡΜ.
1017 2479 1104 2512 capnt
1121 2478 1209 2505 wssz‘am
1228 2477 1354 2505 hominis

68 2520 78 2538 ⁵
99 2520 167 2548 Reff.
186 2520 315 2548 homines
333 2521 448 2556 quidem
837 2523 858 2539 ¹³
877 2522 931 2550 Pr.
951 2531 1001 2558 eqo
1013 2524 1151 2557 promptu

65 2565 78 2582 ⁶
96 2563 164 2592 Reff.
176 2565 300 2599 possint,
318 2564 360 2600 gli
377 2564 441 2593 altri
453 2567 580 2600 possunt
833 2566 854 2585 Η
874 2566 927 2594 Nei
945 2565 1034 2595 codici
1051 2575 1116 2594 cum

65 2609 77 2626 ⁷
95 2607 163 2636 Reff.
183 2608 257 2643 hinc,
277 2609 336 2636 PM.
356 2609 424 2638 haee
831 2611 854 2628 ¹⁵
872 2610 952 2638 Ιιαιιιῖ
970 2612 1071 2640 temere
1090 2618 1144 2639 non
1164 2618 1245 2639 senza
1264 2610 1387 2646 ragione.

65 2653 78 2671 ⁸
95 2652 148 2681 Nei
166 2653 253 2682 codici
271 2653 393 2687 famatis
