1845 3076
747 166 883 189 EPISTOLE
1534 160 1568 190 11

58 250 256 284 bifurcatum
275 251 337 282 iter
349 251 496 291 ingresso,
517 250 718 281 faciundum¹
740 250 790 287 sit,
813 252 849 280 ut
868 249 894 280 81
907 258 1035 281 curvam
1056 252 1088 281 et
1103 250 1306 290 praecipitem
1326 250 1408 282 viam
1424 251 1568 282 incautus

61 308 160 348 caepi,
182 307 293 348 pedem
314 307 485 345 retraham,
504 307 553 338 sin
572 309 702 344 rectam,
722 309 753 337 et
773 316 924 344 securam,
946 306 1056 338 fortior
1077 310 1221 347 caeptam
1245 309 1445 348 prosequar-².
1468 308 1569 349 quue

62 367 130 396 tam
145 367 269 396 mature
290 364 375 402 facis,
396 374 492 404 quam
512 363 662 404 gravitati
680 366 755 395 tuae
777 363 961 394 conveniens
984 366 1049 401 est;
1068 364 1121 395 sed
1143 367 1287 396 nontam
1307 365 1451 399 dilucide,
1473 376 1570 406 quam

65 421 144 452 mihi
165 431 289 453 necesse
310 423 365 452 est.
385 420 436 452 Ad
455 420 701 461 componendam
722 421 803 451 enim
818 423 918 451 totam
939 421 1036 451 vitam
1056 431 1167 459 meam,
1188 432 1270 462 quae
1290 424 1358 453 tum
1374 425 1479 454 aetate
1500 425 1569 454 tum

62 478 206 511 moribus
227 478 321 518 hujus
341 477 457 510 saeculi
477 477 608 508 nimium
627 477 768 517 dispersa
787 479 843 515 est,
864 487 962 508 unum
983 478 1117 508 Socratis
1138 481 1341 519 praeceptum
1363 479 1502 518 adhibes,
1515 480 1570 511 sci-

60 535 137 567 licet
157 537 193 566 ut
212 534 286 566 talis
307 544 373 566 esse
393 544 500 566 curem
520 533 622 575 qualis
652 534 750 565 videri
770 534 873 565 velim.
894 534 934 565 Et
954 544 993 565 ne
1015 534 1046 565 id
1067 534 1194 574 quidem
1223 535 1364 568 sufficere
1385 537 1568 574 arbitratus,

60 594 192 632 propter
212 591 364 632 plurimos
384 592 439 632 qui
460 594 492 623 et
511 591 588 622 mali
608 601 673 623 esse
694 594 726 622 et
745 591 867 632 pejores
887 590 986 622 videri
1007 592 1145 629 student,
1165 593 1438 633 completissimum
1453 594 1569 631 subdis,

59 651 97 680 ut
116 648 234 680 scilicet
254 658 303 680 me
323 648 498 689 perfectum
518 649 707 680 christianae
726 648 883 689 religionis
903 648 1107 688 professorem
1126 649 1315 681 exhiberem.
1338 651 1459 682 Horum
1480 662 1569 692 prae-

59 707 223 746 ceptorum
243 706 379 746 primum
399 706 477 737 mihi
497 706 680 746 ambiguum
700 708 754 737 est.
778 705 881 744 Quum
903 706 986 737 enim
1003 706 1141 746 jusseris,
1161 710 1198 738 ut
1211 717 1323 739 curare
1344 708 1476 740 debeam
1496 709 1570 740 talis

59 772 126 794 esse
147 762 250 803 qualis
270 762 370 794 videri
380 763 458 801 volo,
478 763 621 803 protinus
634 763 690 794 abs
711 765 742 794 te
755 773 917 803 quaeram,
940 763 1041 803 qualis
1055 763 1186 795 debeam
1206 764 1306 795 videri
1321 765 1410 796 velle.
1431 765 1488 803 Tu,
1510 766 1570 797 nisi

58 830 110 852 me
129 823 269 852 caeteros
300 820 410 852 fallere
428 820 551 861 jubeas,
583 820 794 860 respondebis,
824 820 926 860 qualis
946 830 986 851 es.
1010 820 1134 852 Curabo
1164 821 1272 862 itaque
1298 822 1467 854 secundun]
1487 823 1570 854 hanc

59 878 236 910 doctrinam
256 877 330 909 talis
351 887 415 909 esse
437 877 540 918 qualis
553 887 631 909 sum.
653 877 764 917 Neque
785 877 827 908 ad
847 878 999 909 ulteriora
1018 878 1196 918 procedam,
1218 879 1301 919 quod
1315 889 1373 911 nec
1387 882 1422 911 tu
1437 880 1571 911 suadeas

60 945 119 967 nec
140 945 196 976 ego
218 935 322 967 facere
342 935 374 966 id
394 935 488 966 velim
499 935 519 966 ³.
540 936 653 975 Atque,
674 937 710 966 ut
731 935 845 966 bonam
867 935 906 966 de
927 945 977 966 me
998 935 1056 967 tibi
1078 945 1165 975 spem
1192 936 1298 974 facias,
1318 937 1394 968 scito
1416 947 1466 969 me
1484 937 1569 969 hunc

57 993 92 1024 in
112 993 230 1024 virtute
251 992 383 1033 gradum
400 993 468 1033 jam
487 994 638 1032 captasse,
660 994 696 1023 ut
715 993 842 1024 minime
863 993 940 1023 mihi
960 1003 1054 1024 curae
1075 994 1116 1024 sit
1137 994 1239 1034 qualis
1266 994 1381 1026 videar.
1406 995 1448 1026 Ut
1469 996 1568 1027 bonus

58 1049 117 1080 sim
136 1049 433 1089 stude03——qualis
453 1050 586 1081 caeteris
606 1049 724 1088 videar,
748 1050 807 1090 ipsi
825 1050 978 1091 judicent.
1001 1051 1067 1082 Etsi
1088 1051 1171 1082 enim
1201 1052 1390 1091 quibusdam
1411 1053 1566 1091 videatur,

57 1110 115 1139 aut
135 1108 297 1140 insolentis
318 1111 374 1140 aut
394 1109 519 1140 omnino
551 1108 675 1139 demissi
696 1108 793 1139 animi
813 1117 887 1146 esse,
908 1118 970 1139 non
992 1118 1104 1140 curare
1125 1109 1202 1149 quid
1224 1109 1262 1141 de
1291 1120 1323 1141 se
1345 1110 1399 1141 alii
1421 1111 1569 1149 sentiant,

57 1165 135 1196 mihi
154 1167 271 1204 tamen,
291 1166 347 1206 qui
367 1166 425 1197 hoc
438 1166 648 1197 extrinsecum
661 1165 780 1197 homini
796 1168 908 1205 reputo
923 1165 1065 1205 nihilque
1080 1165 1121 1197 ad
1135 1166 1285 1198 virtutem
1298 1167 1451 1205 conferre,
1472 1169 1568 1200 omni-

57 1233 99 1255 no
119 1224 262 1255 existimo
292 1222 620 1263 praetermittendum.
653 1223 693 1254 Et
713 1223 746 1253 id
766 1233 829 1254 non
859 1222 900 1253 ab
922 1222 1078 1261 insolenti,
1108 1223 1163 1255 sed
1183 1223 1258 1255 forti
1279 1226 1311 1255 et
1332 1235 1446 1265 magno
1465 1226 1570 1257 animo

56 1281 221 1321 provenire
238 1281 352 1322 judico.
375 1280 525 1320 Praecipe
540 1280 648 1320 itaque
669 1280 771 1320 qualis
792 1289 857 1311 esse
870 1279 1003 1311 debeam
1019 1290 1026 1317 ;
1042 1299 1081 1302 -
1095 1280 1197 1320 qualis
1218 1281 1326 1312 videar
1339 1282 1473 1313 aliorum
1493 1293 1571 1314 cura

60 1338 109 1369 sit.
132 1338 309 1370 Secundum
322 1340 429 1369 autem
445 1338 683 1376 monimentum,
706 1347 768 1377 quo
786 1347 836 1368 me
850 1337 896 1368 vis
910 1337 1071 1377 integrum
1085 1337 1243 1378 religionis
1257 1338 1448 1371 christianae
1469 1340 1571 1372 obser-

58 1398 200 1427 vatorem
229 1395 308 1433 fieri,
340 1395 470 1435 plenum
491 1395 642 1433 existimo,
673 1397 842 1435 propterea
865 1394 948 1435 quod
968 1394 1047 1426 haec
1067 1398 1177 1426 sancta
1199 1395 1316 1436 religio,
1342 1407 1414 1427 cum
1434 1398 1568 1429 veritate

58 1452 230 1491 doctrinae,
262 1453 490 1484 exactissimam
521 1452 694 1484 honestatis
724 1461 867 1483 normam
897 1455 1014 1491 teneat,
1036 1462 1140 1492 neque
1158 1452 1224 1484 ullo
1248 1453 1361 1493 potiori
1382 1458 1568 1495 argumento

56 1520 153 1550 quam
173 1520 212 1542 ex
231 1510 396 1542 honestate
416 1509 573 1550 religionis
592 1509 670 1540 fides
691 1512 799 1541 nostra
818 1509 947 1549 probari
967 1510 1071 1549 possit.
1095 1508 1185 1547 Quod
1206 1520 1399 1551 quamquam
1420 1512 1497 1542 mihi
1511 1513 1572 1542 suf-

57 1567 150 1600 ficere
169 1567 294 1605 debeat,
316 1567 391 1608 quia
411 1570 518 1599 tamen
534 1577 596 1598 non
617 1566 709 1607 plene
722 1567 793 1606 scio,
815 1576 876 1607 quo
892 1569 984 1607 pacto
1004 1567 1099 1607 hujus
1112 1567 1271 1607 religionis
1292 1568 1450 1608 perfectus
1466 1569 1571 1600 cultor

59 1635 124 1657 esse
137 1625 259 1666 possim,
270 1625 414 1665 planiora
428 1624 619 1656 documenta
630 1625 787 1664 perquiro.
799 1623 881 1662 Quid
896 1624 979 1655 enim
993 1624 1070 1655 mihi
1085 1624 1275 1656 credendum
1291 1625 1339 1663 sit,
1351 1626 1426 1656 satis
1441 1627 1502 1657 scio
1512 1637 1519 1664 ;
1531 1645 1570 1648 -

58 1683 135 1724 quid
156 1683 344 1721 faciendum,
365 1682 503 1713 nonduin
523 1682 608 1713 satis.
630 1681 741 1721 Neque
761 1691 818 1722 ego
840 1681 882 1713 ad
895 1684 928 1713 te
948 1684 984 1712 ut
1005 1681 1046 1713 ad
1066 1682 1256 1723 theologum,
1278 1683 1333 1723 qui
1353 1685 1461 1714 tamen
1484 1684 1517 1714 in
1533 1694 1569 1715 eo

57 1741 182 1782 negotio
202 1751 264 1772 non
286 1740 449 1771 mediocris
470 1749 512 1777 es,
533 1739 587 1770 sed
607 1741 645 1770 ut
664 1739 705 1771 ad
725 1739 945 1779 philosophum
966 1739 1066 1777 venio,
1097 1740 1152 1780 qui
1172 1740 1270 1771 vitam
1290 1741 1446 1779 instituas,
1467 1752 1569 1774 mores

57 1808 232 1839 componas,
253 1800 286 1829 et
304 1798 345 1829 ad
364 1798 445 1829 bene
465 1799 612 1837 recteque
632 1797 757 1828 vivendi
776 1797 837 1828 iter
861 1797 999 1828 inducas.
1024 1796 1084 1835 Qui
1108 1807 1174 1828 mos
1194 1800 1290 1829 antea
1305 1799 1448 1830 omnibus
1470 1803 1570 1831 orato-

57 1857 145 1888 ribus
166 1858 198 1888 et
211 1855 402 1896 philosophis
422 1855 634 1887 celeberrimis
647 1855 718 1886 fuit.
739 1854 844 1892 Quum
862 1855 946 1886 enim
966 1857 1106 1886 caeteros
1127 1858 1158 1886 et
1168 1856 1326 1896 sapientes
1339 1859 1372 1887 et
1386 1857 1482 1888 bonos
1496 1857 1566 1889 fieri

56 1914 184 1951 vellent,
203 1914 407 1954 praecipuum
428 1916 535 1944 tamen
554 1913 743 1953 quempiam,
759 1912 798 1943 de
811 1922 873 1952 quo
888 1913 969 1944 bene
989 1915 1163 1953 sperarent,
1184 1913 1243 1944 sibi
1263 1913 1454 1954 deligebant,
1475 1925 1568 1955 quem

57 1971 235 2012 diligerent,
254 1970 466 2007 hortarentur,
487 1970 528 2001 ad
549 1980 642 2010 quem
655 1979 713 2000 sua
734 1969 851 2010 scripta
865 1969 1064 2008 mandarent,
1086 1972 1182 2010 atque
1203 1970 1236 2001 in
1259 1971 1326 2011 ejus
1346 1981 1480 2011 persona
1500 1973 1567 2003 uni-

58 2039 180 2061 versam
194 2028 410 2068 posteritatem
422 2027 628 2059 admonerent
637 2027 656 2058 4.
673 2027 795 2059 Habuit
808 2026 946 2058 Lucilius
961 2026 1109 2058 Senecam
1125 2030 1362 2068 praeceptorem
1377 2029 1508 2067 honesti,
1531 2048 1569 2052 --

58 2086 166 2118 Cicero
180 2086 282 2117 minor
302 2088 466 2126 parentem
487 2085 560 2125 (etsi
579 2095 692 2125 parum
713 2085 741 2116 ei
760 2084 917 2124 profuerit
936 2084 1035 2116 talem
1057 2087 1089 2116 et
1109 2088 1274 2124 parentem
1288 2088 1321 2116 et
1330 2089 1567 2126 praeceptorem

58 2144 230 2184 habuisse),
247 2143 427 2183 caeterique
447 2145 590 2174 auctores
610 2151 690 2180 81108,
711 2152 730 2173 a
750 2142 864 2182 quibus
884 2144 917 2173 et
936 2141 1035 2173 literis
1071 2144 1104 2173 et
1123 2142 1261 2174 moribus
1281 2143 1498 2183 implerentur.
1521 2144 1569 2175 Tu

58 2201 138 2233 mihi
158 2203 224 2233 esto
246 2200 394 2232 Colutius.
417 2199 515 2231 Curas
535 2200 686 2240 publicas,
706 2199 820 2240 quibus
838 2201 923 2230 totus
938 2199 1108 2239 implicitus
1130 2209 1171 2237 es,
1192 2199 1421 2240 aliquantisper
1440 2211 1567 2241 sepone,

60 2261 94 2291 et
113 2259 244 2291 dietim-‘³
264 2268 440 2299 parumque
451 2257 601 2298 temporis
621 2257 699 2288 mihi
721 2257 770 2289 da.
784 2257 916 2288 Habebo
934 2257 945 2273 ⁶
964 2256 1169 2297 propendiem
1190 2257 1274 2297 quod
1288 2258 1421 2297 postulo,
1442 2258 1568 2290 habebo

59 2326 201 2356 norman,
221 2316 392 2348 secundum
413 2325 510 2356 quam
529 2314 695 2347 vivendum
715 2315 793 2346 mihi
813 2315 862 2346 sit.
886 2314 943 2346 Cui
963 2314 989 2345 si
1009 2324 1060 2345 me
1080 2312 1273 2355 affectusque
1293 2325 1378 2346 meos
1398 2316 1570 2348 conforma-

58 2384 144 2413 vero,
162 2374 243 2406 nihil
261 2375 360 2411 abest,
380 2373 458 2414 quin
479 2373 550 2410 cito,
571 2374 733 2404 auctorem
752 2382 858 2404 meum
877 2372 1029 2411 imitatus,
1050 2373 1082 2403 et
1095 2371 1203 2403 doctus
1227 2374 1260 2403 et
1282 2372 1382 2403 bonus
1404 2373 1564 2413 prodeam.

59 2432 150 2471 Vale,
171 2432 219 2464 vir
238 2431 452 2470 celeberrime,
474 2434 506 2462 et
525 2440 575 2462 me
595 2432 687 2461 tuum
707 2439 806 2462 serva.

67 2531 77 2548 1
95 2528 157 2557 PM,
176 2527 344 2562 faciendum
841 2524 851 2541 ⁴
870 2523 933 2551 Cosi
951 2522 981 2550 in
1000 2521 1060 2550 PM.
1080 2530 1094 2550 e
1113 2521 1160 2550 Gr.
1178 2522 1213 2550 In
1232 2522 1278 2551 Br.
1297 2523 1492 2552 admonemini

66 2575 80 2593 ²
96 2573 152 2602 PP.
166 2580 328 2608 persequar
840 2569 852 2586 ⁵
870 2567 938 2595 Vale
950 2568 1055 2602 quanto
1063 2566 1172 2595 diatim.
1183 2566 1292 2596 Dietc‘m
1302 2569 1346 2596 sta
1355 2568 1400 2596 nel
1410 2568 1455 2597 Du
1466 2568 1569 2605 Gange.

62 2618 78 2636 ³
95 2617 142 2646 Gr.
160 2616 193 2645 id
209 2615 306 2650 facere
839 2614 850 2631 ⁶
869 2611 915 2640 Gr.
936 2611 1024 2640 habeo
1044 2632 1050 2639 .
1070 2632 1076 2639 .
1095 2632 1102 2639 .
1122 2610 1218 2640 habeo.
