1845 3076
735 172 876 196 neis‘rors
1510 159 1568 189 161

58 262 142 293 Hoc¹
166 261 265 301 primo
287 259 364 290 mihi
378 259 499 290 aditum
513 258 553 289 ad
570 257 820 289 benevolentiam
841 259 929 286 tuam
944 255 1040 291 dedit,
1062 254 1175 285 deinde
1197 253 1472 289 conversationem,
1490 262 1571 292 quae

58 319 142 350 inter
169 319 291 358 patrem
313 319 345 347 et
365 315 475 351 filium,
504 317 738 354 praeceptorem
761 317 793 344 et
813 312 1001 352 discipulum
1029 316 1085 347 est,
1113 314 1145 342 et
1165 311 1189 340 si
1211 310 1287 350 quid
1316 309 1452 349 amplius
1473 319 1574 340 nexus

62 385 127 407 esse
149 377 260 415 potest,
282 373 412 404 addidit.
441 371 533 402 Nunc
554 381 626 401 vero
648 371 742 402 etiam
765 370 928 401 audaciam
959 370 1097 409 praebet,
1120 369 1180 399 imo
1201 368 1293 405 cogit,
1325 371 1357 397 ut
1381 377 1448 397 vum
1472 366 1574 397 multa

59 432 175 464 fiducia
203 431 314 462 absens
334 430 374 461 ad
395 432 427 460 te
449 429 591 460 scribam.
622 427 740 458 Exinde
763 430 878 464 autem,
905 437 1001 466 quum
1025 426 1248 459 animadverte,
1277 425 1331 464 qui
1354 425 1400 455 vir
1421 424 1520 455 literis
1542 426 1574 454 et

59 489 204 520 doctrina
223 488 274 525 sis,
290 488 321 518 in
336 497 431 527 quem
446 488 530 517 totus
544 485 628 516 orbis
641 484 794 519 intendat,
812 493 905 523 quem
919 493 1025 514 omnes
1041 482 1205 518 mirentur,
1222 492 1315 521 quem
1332 481 1572 512 celeberrimum

61 546 147 577 fama
167 546 339 584 praedicat,
361 554 422 584 quo
444 545 536 583 pacto
562 541 679 572 audere
700 551 826 580 possum
854 540 1032 571 claritatem
1055 543 1141 570 tuam
1167 538 1291 569 insulsis
1313 541 1344 569 et
1364 537 1574 578 incompositis

60 603 161 634 literis
186 602 262 633 meis
290 601 438 632 tentare?
464 599 653 630 Adeundum
669 599 679 615 2
708 598 834 638 quidem
864 597 957 628 taleni
989 597 1088 627 virum
1116 596 1267 632 existimo,
1297 606 1357 625 non
1383 595 1575 635 quotidianis

62 659 267 695 sermonibus,
282 668 343 689 non
365 657 599 688 inadvertenter
618 655 857 695 erumpentibus
878 654 1011 686 vocibus.
1036 653 1090 685 sed
1106 653 1223 685 eisdem
1238 655 1271 683 et
1284 663 1345 683 non
1366 652 1445 690 aliis,
1460 652 1575 692 quibus

59 717 166 748 divina
192 716 320 748 oracula
345 715 411 755 peti
431 714 539 745 solent.
570 714 614 744 Ea
640 715 769 752 propter
798 711 991 743 verecundus
1020 711 1170 746 abstineo,
1199 714 1230 741 et
1251 710 1349 741 satius
1377 719 1442 740 esse
1466 709 1573 749 judico

61 774 194 812 silentio,
216 783 311 813 quam
327 771 491 803 inconditis
507 770 712 805 sermonibus,
733 772 837 800 tecum
859 779 959 810 agere.
987 769 1018 798 ln
1035 768 1094 799 hac
1106 771 1212 799 tamen
1234 777 1340 807 pugna
1359 767 1575 804 verecundiae,

61 831 201 862 fortassis
222 840 284 861 non
305 829 465 861 indebitae
480 829 500 866 ³,
522 833 554 860 et
576 827 680 858 filialis
700 827 872 858 devotionis
893 827 989 857 vincit
1010 826 1150 857 caritatis
1170 824 1303 862 affectio,
1325 828 1357 855 et
1377 824 1498 861 suadet,
1520 825 1575 854 im—

62 887 163 928 pellit,
184 897 221 919 ac
241 887 332 927 cogit,
355 889 391 918 ut
411 889 443 918 et
462 896 535 917 voce
556 895 713 925 praesens,
743 888 774 915 et
795 884 894 915 literis
916 884 1027 914 absens
1049 883 1168 923 loquar.
1191 882 1305 922 Accipe
1334 882 1428 922 igitur
1456 884 1575 912 statum

63 955 175 976 meum.
200 944 306 981 Valeo,
327 954 431 984 sospes
451 953 528 980 sum,
558 942 654 973 nihilo
675 942 868 982 prosperiore
900 942 1035 975 fortuna,
1057 941 1111 971 sed
1138 940 1278 976 laetiore,
1305 939 1522 980 quietim-eque
1544 939 1577 969 in

65 1002 130 1034 dies
145 1002 259 1039 animo,
279 1001 355 1032 dum
375 1001 517 1041 quotidie
530 1000 630 1031 noxiis
650 999 844 1039 passionibus
866 999 941 1029 meis
963 998 1098 1035 detrahi,
1117 1001 1148 1029 et
1162 997 1342 1028 salubribus
1363 997 1434 1028 boni
1457 996 1577 1036 aliquid

67 1059 140 1091 addi
161 1059 267 1090 sentio.
291 1058 372 1090 Curo
393 1058 494 1089 multo
514 1057 618 1088 studio
640 1060 675 1087 ut
696 1057 841 1088 literatus
861 1057 928 1093 sim,
949 1057 1002 1087 sed
1024 1056 1123 1095 magis
1146 1060 1181 1086 nt
1201 1055 1300 1086 bonus
1321 1059 1353 1085 et
1374 1054 1462 1085 liber.
1484 1053 1551 1085 Hoc
1564 1054 1574 1070 ⁴

66 1117 149 1148 enim
170 1122 255 1147 recte
270 1116 395 1152 sentire,
417 1115 495 1146 illud
518 1118 602 1146 recte
623 1115 725 1145 dicere
739 1115 749 1131 ⁷²
773 1114 852 1145 facit.
876 1113 995 1151 Quibus
1017 1113 1129 1144 studiis
1149 1113 1226 1144 meis
1242 1112 1378 1143 multum
1400 1112 1578 1143 detractum

69 1174 167 1210 video,
193 1176 360 1213 postquam
383 1183 402 1204 a
423 1176 454 1203 te
475 1172 608 1203 discessi.
640 1172 700 1203 Ubi
722 1172 802 1202 enim
831 1181 937 1211 parem
960 1171 1018 1201 tibi
1046 1172 1281 1210 praeceptorem
1309 1169 1489 1200 inveniam?
1518 1168 1579 1200 Ubi

71 1233 137 1262 tam
152 1229 270 1262 fervide
291 1230 463 1267 docentem,
484 1232 612 1269 tamque
634 1229 793 1260 fideliter⁰
814 1228 1056 1260 admonentem?
1078 1227 1170 1259 Stant
1189 1227 1391 1258 nihilominus
1410 1226 1475 1258 fixa
1495 1226 1581 1258 cordi

63 1288 252 1319 documenta
272 1291 338 1324 tua,
361 1297 452 1328 quae,
473 1287 548 1318 (lum
570 1288 707 1323 aderam,
730 1297 749 1317 a
771 1290 801 1317 te
823 1286 928 1317 habui.
950 1285 1023 1316 Tuis
1043 1285 1169 1325 regulis,
1190 1285 1314 1324 tuisque
1334 1284 1457 1316 artibus
1479 1285 1546 1315 vivo
1558 1284 1579 1322 ⁷,

66 1355 123 1385 per
145 1354 222 1385 quas
244 1344 282 1375 de
303 1344 354 1376 die
375 1346 406 1375 in
427 1345 510 1376 diem
532 1344 682 1385 proficere
704 1354 753 1374 me
774 1344 806 1374 in
823 1343 933 1374 melius
954 1353 1054 1374 cerno.
1076 1342 1136 1373 Sed
1157 1342 1327 1381 aliquando
1348 1342 1386 1373 ob
1408 1342 1455 1372 tui
1476 1351 1581 1372 caren-

68 1403 146 1433 tiam
161 1402 171 1419 ⁸
191 1401 313 1433 tardior
332 1412 410 1439 sum,
440 1405 481 1439 et,
510 1401 720 1433 retinentibus
740 1401 857 1437 multis,
879 1410 998 1440 nequeo
1020 1403 1163 1440 caeptum
1191 1409 1316 1430 cursum
1338 1409 1472 1430 servare.
1502 1398 1582 1437 Qua-

66 1461 204 1500 propter,
230 1460 255 1490 si
283 1460 435 1499 pristinus
461 1470 548 1490 amor
577 1462 682 1490 monet
697 1460 717 1496 ⁹,
744 1461 776 1489 et
800 1459 960 1490 absentem
991 1457 1132 1494 admone,
1160 1460 1198 1491 et,
1225 1457 1251 1487 si
1272 1467 1310 1487 ex
1338 1457 1498 1488 laboribus
1518 1457 1581 1487 tuis

67 1520 196 1556 captare
223 1516 282 1548 tibi
303 1517 402 1548 otium
423 1518 519 1557 potes,
546 1516 648 1548 scribe
669 1516 788 1556 aliquid
809 1515 892 1555 quod
914 1518 1080 1554 componat
1105 1515 1244 1545 animum
1261 1515 1291 1551 ¹⁸,
1317 1514 1401 1554 quod
1422 1517 1579 1545 errantem

26 1564 28 1567 ⁵
68 1573 214 1614 corrigat,
236 1576 268 1604 et
287 1573 327 1604 ad
349 1574 429 1605 bene
451 1576 620 1614 sancteque
647 1573 813 1604 vivendum
843 1583 1030 1613 magnopere
1059 1571 1259 1603 affectantem
1274 1573 1293 1589 ¹¹
1322 1572 1460 1603 inducat.
1491 1571 1580 1609 Quod

67 1630 126 1668 fac,
147 1631 283 1670 obsecro,
305 1634 337 1662 et
359 1631 516 1663 volentem
537 1630 638 1662 filium
657 1631 794 1667 doctum,
816 1630 995 1670 bonumque
1018 1630 1123 1661 redde.
1153 1629 1306 1661 Fortassis
1333 1630 1425 1660 nimis
1445 1629 1579 1660 insolens

67 1687 124 1726 fui,
151 1688 206 1728 qui
232 1687 355 1719 litteras
381 1698 401 1719 a
427 1692 458 1720 te
483 1689 580 1729 petii;
608 1689 662 1719 sed
691 1698 793 1728 parce,
822 1698 941 1728 precor,
967 1687 1131 1719 affectibus
1158 1688 1242 1718 meis.
1273 1687 1359 1725 Vale,
1386 1690 1478 1727 pater
1506 1686 1583 1717 cele-

69 1744 213 1777 berrime.

83 2430 91 2447 ¹
113 2429 159 2457 Gr.
179 2438 192 2457 e
212 2430 266 2458 PP.
286 2430 355 2458 haec
859 2434 869 2450 ⁷
888 2433 940 2460 PP.
954 2433 1028 2467 juvo

81 2474 93 2492 ²
113 2473 159 2502 Gr.
178 2473 343 2502 audendum
859 2478 869 2495 ⁸
887 2477 933 2504 Gr.
953 2477 1138 2505 reverentiam

82 2518 94 2535 ³
113 2517 160 2546 Gr.
180 2517 303 2547 indebite
859 2522 870 2539 ⁹
890 2521 936 2549 Gr.
957 2523 1052 2549 manet

81 2562 92 2579 ⁴
111 2561 157 2590 Gr.
177 2570 191 2590 e
210 2562 266 2591 PP.
286 2563 355 2599 hoc-3
374 2563 403 2590 in
423 2563 488 2591 altri
509 2564 597 2592 codici
615 2564 696 2592 Haec
849 2566 870 2582 ¹⁰
888 2565 940 2593 ΡΡ.
960 2566 1087 2593 animam

82 2607 93 2623 ⁵
112 2605 165 2633 Nei
184 2606 273 2634 codici
290 2607 384 2635 vz'vere
846 2611 866 2627 ¹¹
887 2609 940 2638 PP.
960 2609 1148 2643 affectaveram

82 2650 94 2667 ⁶
113 2649 159 2678 Gr.
179 2649 304 2682 feliciter

1462 2711 1496 2738 εξ
