1845 3076
285 164 304 194 6
914 169 939 192 Ρ.
960 169 985 192 P.
1008 168 1158 193 VERGERIO

1010 389 1062 420 VI.

675 507 830 541 JOANNI
850 506 1100 540 BONONIENSI
1121 507 1282 540 PHISICO
1303 507 1332 540 S.
1354 508 1391 540 D.

771 609 900 639 PADUAE,
919 609 950 632 1v
969 609 1009 632 ID.
1030 608 1192 632 FEBRUARH
1214 601 1299 632 1395.

485 695 549 730 (Br.
563 703 594 730 p.
613 695 633 722 3
650 702 664 722 e
683 695 743 728 74,·
762 711 794 714 —
818 694 871 723 Gr.
890 702 912 722 c.
933 694 1012 727 124,·
1032 709 1065 714 —
1084 693 1158 721 PM.
1176 701 1199 722 c.
1218 694 1256 721 58
1275 695 1313 727 t.;
1333 709 1366 715 —
1385 694 1449 723 ,ΡΡ.
1468 701 1497 723 n.
1517 694 1584 730 27.)

360 789 443 819 Ante
463 788 519 819 hos
531 788 597 819 dies
619 798 657 819 ex
671 788 815 819 terrestri
835 788 948 818 itinere
962 782 1116 828 longiores
1136 788 1245 819 literas
1266 788 1348 820 dedi.
1369 789 1406 819 In
1421 798 1483 829 quo
1496 789 1623 829 quidem
1644 799 1707 820 non
1720 791 1787 820 tam

280 847 391 878 habita
412 848 459 877 est
478 845 554 876 mihi
574 845 666 883 ratio,
697 845 780 885 quod
800 846 858 876 hoc
877 848 1018 886 tempore
1048 845 1190 886 navigari
1210 845 1394 886 plerumque
1426 855 1464 877 ex
1484 846 1515 876 vi
1535 848 1700 878 ventorum
1723 856 1787 878 non

279 904 407 944 possit¹,
430 913 525 943 quam
546 903 629 943 quod
649 903 771 934 facilius
791 903 869 934 mihi
888 903 930 934 sit
948 905 985 934 ut
1004 903 1064 934 hac
1093 903 1144 933 via
1164 902 1273 934 literas
1294 913 1379 934 meas
1399 903 1523 935 habeas.
1557 902 1684 941 Quoties
1704 904 1787 935 enim

281 961 399 1000 scripsi,
419 961 487 991 nil2
507 960 664 1000 reliquum
684 960 794 997 habeo,
816 960 876 990 nisi
896 962 931 991 ut
951 959 991 991 ad
1012 959 1196 1000 magistrum
1216 959 1371 991 Joannem
1395 960 1434 991 de
1454 960 1614 998 Ravenna,
1635 960 1787 991 cancella-

279 1018 362 1049 rium
382 1017 539 1058 principis,
571 1017 706 1048 tabellas
727 1027 784 1057 per
803 1027 937 1057 puerum
958 1016 1125 1047 dimittam.
1146 1016 1204 1048 Ille
1225 1017 1368 1056 protinus
1399 1017 1440 1048 ad
1461 1017 1621 1048 dominum
1640 1016 1789 1048 Sanctum

279 1077 421 1106 nostrum
440 1075 579 1112 mandat,
599 1085 619 1105 a
633 1084 694 1114 quo
715 1074 774 1106 tibi
788 1074 893 1106 omnia
912 1075 1057 1114 prompta
1078 1076 1160 1105 sunt.
1181 1073 1241 1105 Per
1255 1084 1342 1105 mare
1363 1077 1478 1112 autem,
1499 1075 1525 1105 si
1547 1074 1624 1114 quid
1646 1075 1722 1106 dare
1744 1075 1786 1106 ad

279 1135 312 1163 te
332 1133 431 1172 cupio,
453 1141 514 1163 non
534 1141 668 1171 possum,
691 1132 750 1162 nisi
771 1132 839 1171 quis
859 1131 1018 1170 inopinate
1031 1131 1042 1147 3
1063 1131 1242 1169 occurrerit,
1263 1134 1320 1162 aut
1340 1141 1395 1171 ego
1413 1132 1516 1163 multa
1533 1131 1697 1172 diligentia
1717 1142 1786 1163 con-

278 1189 422 1229 quisiero.
444 1188 556 1219 Tribus
572 1188 708 1228 epistolis
729 1188 822 1225 111134,
843 1191 879 1218 ut
892 1188 1013 1219 diverso
1028 1191 1168 1228 tempore
1188 1188 1278 1225 datis,
1298 1189 1344 1219 ita
1359 1191 1390 1219 et
1403 1188 1523 1220 diverso
1544 1189 1621 1219 mihi
1645 1189 1785 1227 redditis,

278 1256 342 1277 una
362 1247 441 1277 serie
461 1247 614 1286 respondi.
637 1245 756 1284 Quibus
785 1246 842 1276 etsi
863 1245 1008 1276 satisfieri
1029 1245 1169 1276 oratione
1190 1245 1277 1276 brevi
1304 1246 1464 1285 potuisset,
1485 1255 1569 1285 quae
1583 1246 1594 1263 ⁵
1614 1246 1787 1286 plurimum

281 1304 494 1335 excusationes
525 1306 595 1334 tuas
616 1303 655 1334 de
674 1305 740 1334 tam
771 1302 920 1333 diuturno
941 1302 1064 1333 silentio
1094 1302 1300 1341 continerent,
1321 1312 1383 1342 quo
1413 1305 1521 1333 tamen
1543 1302 1661 1333 diutius
1682 1305 1787 1333 tecum

279 1370 387 1397 essem,
415 1361 616 1400 prolixiorem
637 1369 810 1390 sermonem
831 1359 961 1390 institui.
995 1359 1042 1390 Tu
1062 1359 1145 1390 idem
1167 1359 1224 1396 iac,
1246 1359 1380 1396 obsecro,
1401 1369 1459 1390 nee
1478 1359 1564 1398 mihi,
1592 1359 1676 1399 quod
1698 1360 1731 1390 in
1752 1362 1785 1390 te

278 1419 333 1455 est,
355 1418 565 1457 praesentiam
579 1420 667 1448 tuam
680 1416 837 1453 invideas;
858 1416 911 1447 sed
922 1416 1073 1456 quamdiu
1088 1416 1244 1453 absumus,
1265 1419 1296 1447 et
1310 1416 1417 1456 longas
1431 1419 1463 1448 et
1474 1417 1655 1456 frequentes
1675 1416 1784 1448 literas

278 1474 383 1511 redde,
406 1475 488 1514 quod
509 1474 591 1505 idem
613 1474 716 1505 facere
736 1484 785 1505 me
806 1473 925 1504 dudum
946 1473 1040 1504 vides.
1062 1472 1222 1504 Celebrem
1243 1473 1293 1504 hic
1307 1483 1463 1504 rumorem
1485 1473 1653 1505 ediderunt
1673 1473 1785 1504 literae

277 1532 443 1571 quaedam,
464 1542 483 1562 a
504 1531 662 1562 nonnullis
683 1531 752 1561 heri
772 1531 909 1567 habitae,
941 1540 1022 1570 quae
1042 1530 1223 1562 attulissent
1238 1531 1258 1567 ⁶,
1290 1530 1448 1561 dominum
1469 1531 1641 1562 Antonium
1663 1530 1785 1571 Cajeta-

278 1599 362 1627 num,
383 1589 637 1620 archidiaconum
659 1588 816 1619 Bononiae
838 1588 1050 1628 patriarcham
1072 1587 1239 1627 proditum,
1254 1587 1404 1627 sanguine
1424 1587 1551 1627 quidem
1571 1588 1672 1619 virum
1693 1597 1785 1627 prae-

277 1646 408 1683 clarum,
429 1646 483 1677 sed
504 1645 604 1677 literis
635 1645 734 1677 multo
755 1645 986 1685 virtutibusque
1007 1645 1178 1681 clariorem,
1209 1647 1245 1675 ut
1265 1647 1371 1676 tamen
1387 1645 1398 1661 ⁷
1418 1655 1532 1685 negare
1553 1655 1616 1675 non
1636 1645 1750 1684 possim
1763 1645 1784 1682 ²³,

277 1703 332 1743 qui
355 1713 425 1734 eum
447 1703 527 1739 novi,
548 1703 665 1742 quique
686 1702 835 1733 beneficio
860 1702 926 1742 ejus
946 1702 1116 1742 aliquando
1137 1711 1209 1732 usus
1229 1711 1306 1739 sum,
1338 1701 1574 1742 neapolitanum
1594 1701 1711 1732 fastum
1731 1701 1786 1732 ali-

277 1760 461 1800 quantisper
481 1760 664 1800 sapientem.
688 1758 777 1797 Quod
796 1760 822 1789 si
843 1769 951 1790 verum
973 1761 1028 1795 est,
1050 1759 1152 1789 nescio
1173 1769 1308 1798 quonam
1329 1769 1378 1789 res
1404 1761 1504 1799 urget.
1526 1758 1644 1789 Vereor
1665 1759 1748 1789 enim
1761 1759 1782 1795 ⁹,

278 1827 318 1848 ne
339 1827 422 1857 papa
434 1817 622 1857 cogitatione
645 1826 702 1848 sua
717 1816 842 1847 delusus
857 1816 906 1853 sit,
931 1816 985 1856 qui
999 1815 1121 1847 duabus
1146 1816 1234 1855 quasi
1247 1825 1285 1846 ex
1310 1825 1410 1856 aequo
1425 1816 1515 1847 sectis
1529 1815 1680 1856 partibus,
1701 1825 1783 1855 quae

277 1875 382 1906 divisis
394 1875 415 1891 ¹⁰
438 1874 549 1905 animis
563 1875 597 1905 111
611 1874 718 1905 Patria
733 1873 892 1910 dissident,
908 1873 1043 1904 diversos
1061 1873 1119 1904 sibi
1134 1873 1292 1912 praesides
1308 1873 1328 1889 ¹¹
1350 1872 1610 1910 desiderantibus,
1631 1883 1671 1903 ne
1686 1882 1782 1912 quam

277 1931 434 1963 offendere
450 1932 480 1969 ¹²,
501 1932 606 1963 neutri
619 1931 797 1962 satisfacere
812 1930 920 1967 voluit,
941 1930 995 1961 sed
1009 1930 1202 1970 insperatum
1218 1930 1301 1960 hunc
1313 1933 1476 1970 tamquam
1497 1929 1634 1961 medium
1648 1939 1782 1961 commu-

278 1989 388 2029 nisque
407 1989 565 2019 amicitiae
596 1988 738 2019 futurum
760 1990 919 2019 auctorem
950 1987 1105 2018 adhibuit.
1136 1987 1228 2024 Nam,
1248 1987 1274 2018 si
1294 1997 1344 2018 me
1374 1987 1456 2018 ratio
1476 1997 1539 2018 non
1559 1986 1650 2023 fallit,
1679 1989 1735 2017 aut
1755 1986 1793 2017 si·

277 2049 362 2079 recte
376 2047 445 2078 illos
458 2047 538 2083 novi,
562 2055 625 2077 non
639 2045 730 2076 facile
744 2045 828 2076 hunc
851 2045 1028 2076 admittent.
1045 2044 1210 2076 Utinenses
1224 2044 1306 2075 enim
1321 2044 1481 2075 dominum
1506 2044 1626 2075 Pileum
1641 2043 1782 2075 cardina—

276 2105 338 2136 lem
351 2104 574 2135 desiderabant
587 2105 753 2143 pastorem,
766 2104 806 2140 et,
822 2112 884 2142 quo
898 2102 997 2142 magis
1010 2101 1203 2133 voluntatem
1217 2111 1306 2133 suam
1320 2102 1489 2141 aperirent,
1510 2101 1550 2132 ad
1565 2110 1598 2132 se
1614 2100 1732 2131 dudum
1746 2100 1781 2131 in

277 2162 498 2202 possessionem
513 2161 749 2192 advocaverunt.
776 2160 866 2200 Isque
880 2159 964 2199 apud
979 2169 1031 2190 eos
1045 2169 1128 2190 nunc
1142 2161 1198 2190 est.
1224 2158 1255 2190 Si
1269 2158 1346 2199 quid
1362 2159 1459 2199 igitur
1476 2158 1623 2190 comitate
1637 2167 1702 2197 sua,
1716 2166 1780 2198 qua

276 2219 368 2251 facile
396 2218 539 2250 omnibus
561 2217 739 2249 hominibus
767 2216 937 2256 antecellit,
966 2216 1051 2257 apud
1077 2216 1158 2248 cives
1184 2215 1330 2256 consequi
1358 2215 1483 2256 poterit,
1508 2215 1534 2246 si
1558 2215 1635 2255 quid
1656 2213 1781 2246 astutiis

283 2358 292 2374 ¹
312 2356 358 2384 Gr.
372 2356 471 2390 posset
1055 2354 1065 2370 ⁸
1084 2353 1129 2380 ΒΓ.
1148 2361 1174 2388 p.
1194 2353 1228 2381 74
1247 2360 1261 2380 e
1280 2352 1326 2380 Gr.
1346 2361 1360 2381 e
1379 2351 1446 2380 Reff.
1458 2359 1579 2387 possum

283 2401 294 2418 ²
313 2399 361 2428 Gr.
380 2399 457 2427 nihil
1055 2398 1067 2415 ⁰
1086 2396 1154 2426 Reff.
1174 2405 1188 2424 e
1201 2397 1247 2425 Gr.
1269 2405 1351 2425 senza
1363 2397 1440 2425 enim

282 2445 293 2464 3
312 2445 358 2472 Β1·.
377 2452 403 2479 p.
423 2444 440 2471 2
459 2444 487 2478 t.,
506 2443 552 2472 Gr.
573 2451 587 2471 e
604 2443 668 2472 PR:
687 2442 836 2478 inopinato
1047 2441 1068 2458 ¹0
1086 2441 1133 2469 ΒΥ.
1153 2449 1179 2476 p.
1198 2441 1215 2468 2
1233 2442 1263 2475 t.,
1281 2440 1342 2469 PM.
1361 2448 1375 2468 e
1393 2440 1449 2469 ΡΡ.
1468 2448 1487 2468 α
1505 2439 1627 2468 diversis

282 2489 293 2507 ⁴
312 2489 359 2517 Gr.
377 2496 459 2517 senza
478 2488 537 2516 tuis
1046 2486 1067 2503 ¹¹
1090 2485 1158 2513 Reff.
1177 2484 1333 2513 Praesules

281 2535 292 2551 ⁵
310 2533 366 2568 Gr„
386 2533 446 2560 PM.
465 2532 543 2568 quod
1046 2530 1068 2548 ¹2
1086 2530 1132 2557 ΒΓ.
1160 2538 1186 2565 p.
1211 2529 1227 2556 2
1246 2530 1267 2556 t.
1291 2537 1305 2557 e
1324 2529 1396 2557 PR:
1425 2528 1586 2562 offenderit.
1612 2526 1674 2556 ΡΜ.
1693 2525 1783 2560 offen-

283 2579 295 2596 6
313 2577 359 2606 Br.
378 2585 404 2612 p.
424 2577 458 2605 74
477 2585 490 2604 e
508 2576 576 2605 Reff.
597 2576 759 2605 attulerunt
1085 2574 1185 2602 derant

285 2622 295 2641 ⁷
313 2623 347 2650 ut
366 2622 468 2656 tamen,
487 2620 605 2649 sebbene
