1845 3076
739 186 877 210 musromz
1505 179 1559 210 127

54 270 163 303 dantis
176 270 280 302 animo
295 270 315 308 ¹,
335 269 593 310 suscipientisque
606 269 618 286 ²
637 269 811 301 conditione
821 270 842 307 ³,
863 280 925 302 non
947 270 1161 310 magnitudine
1182 270 1238 308 rei,
1260 280 1341 311 quae
1362 271 1468 308 datur,
1489 281 1561 303 vere

57 327 217 369 pensanda
239 327 333 358 sunt?
347 326 358 344 ⁴
379 326 437 358 Ille
462 328 569 358 autem
589 326 635 357 ita
659 326 736 357 mihi
759 327 898 358 animum
908 327 928 364 ⁵,
950 337 1012 358 non
1037 327 1101 358 ullo
1125 327 1235 358 merito
1263 338 1340 365 meo,
1360 328 1415 359 sed
1441 328 1560 361 virtute

58 395 117 417 sua
138 386 234 424 atque
254 383 462 421 humanitate,
481 383 531 415 vel
551 393 570 414 a
591 383 742 423 principio
763 383 903 422 dederat,
924 386 961 414 ut
980 384 1068 421 nihil,
1082 395 1145 424 quo
1165 394 1222 424 ego
1243 385 1452 425 indiguissem,
1467 386 1562 426 quod-

57 451 95 473 ve
109 441 149 473 ab
164 451 201 473 eo
215 441 471 481 expostulassem,
489 450 605 481 negare
618 443 730 480 posset,
752 440 828 472 dare
849 441 954 472 omnia
969 440 1071 473 vellet.
1096 441 1237 473 Conditio
1252 453 1324 474 vero
1349 453 1387 474 ea
1412 443 1488 474 mihi
1502 443 1562 475 fuit

58 499 156 539 (quae
175 498 279 530 nescio
299 500 454 537 quantum
484 508 504 529 a
534 508 567 529 se
588 500 712 528 mutata
732 498 798 537 sit),
819 501 856 529 ut
882 498 983 537 quivis
1009 498 1057 529 vel
1085 498 1275 530 miserrimus
1291 500 1302 517 ⁶
1329 500 1404 531 dare
1429 500 1563 532 fortunis

56 554 134 586 meis
153 565 244 595 opem
263 557 374 595 posset.
403 554 487 586 Num
502 555 514 572 ⁷
541 555 636 595 igitur
657 554 879 594 amplissimam
900 555 932 585 in
952 564 1001 585 me
1022 555 1256 593 liberalitatem,
1277 557 1335 587 etsi
1368 568 1428 588 non
1460 558 1562 598 digne,

57 612 170 644 merito
189 614 296 644 tamen
317 611 488 652 praedico?
508 612 563 649 Ac,
591 614 663 652 post
689 621 791 651 pauca
817 611 944 651 quidem
972 612 1018 642 ita
1047 614 1158 652 exopto
1180 612 1249 643 dari
1279 614 1364 651 mihi,
1392 617 1563 654 antequam

61 670 195 702 emoriar
205 669 225 707 ⁸,
247 679 317 701 eam
339 670 468 710 copiam,
481 671 518 700 ut
533 679 602 700 cum
617 669 675 700 sibi
690 671 757 700 tum
771 668 850 706 aliis,
864 679 883 699 a
898 668 1013 709 quibus
1027 669 1107 700 bene
1121 669 1250 701 habitus
1264 680 1341 707 suni,
1357 672 1483 702 meritas
1498 682 1565 712 gra-

57 727 119 758 tias
129 726 269 758 reddam.
281 726 368 757 Haec
380 727 461 757 enim
476 726 697 758 beneficiorum
712 726 796 757 illius
812 726 985 757 recordatio
1000 726 1032 756 in
1048 736 1126 764 eam,
1143 736 1222 766 quae
1235 727 1426 758 creberrima
1441 739 1563 760 mecum

55 786 113 821 est,
135 784 315 814 memoriam
340 783 465 814 induxit
488 793 547 821 me,
570 786 605 814 ut
628 783 774 821 omnium,
799 783 889 814 modo
914 783 990 823 qui⁹
1011 783 1197 815 benemeriti
1215 784 1319 822 81111111,
1340 785 1564 817 reminiscerer.

60 839 143 871 Nam
157 840 182 871 is
197 840 273 870 mihi
287 843 437 880 perpetuo
453 840 579 880 quidem
604 841 704 870 status
729 849 833 871 rerum
859 839 929 876 fuit,
951 842 986 870 ut
1007 840 1158 878 omnibus,
1178 841 1292 880 quibus
1315 851 1412 872 essem
1434 842 1565 873 dilectus

62 897 150 928 oneri
168 906 299 936 semper,
312 896 421 928 solatio
437 897 632 927 commodove
646 907 817 936 numquam
831 907 929 928 essem
942 897 971 934 ¹¹,
985 907 1055 927 eum
1071 897 1295 928 emendicanda
1315 908 1437 938 semper
1450 900 1563 937 onmia,

58 963 140 994 quae
161 953 323 985 redderem
350 956 405 984 aut
426 956 534 994 sponte
557 956 729 994 prestarem
756 953 845 985 nulla
865 957 1077 994 suppeterent.
1098 954 1157 986 Sed
1181 955 1365 986 nominatim
1390 956 1465 986 mihi
1488 960 1561 988 autc

60 1010 137 1042 alios
161 1011 194 1041 in
217 1013 354 1042 mentem
378 1012 506 1042 veniunt
528 1010 678 1042 beneficia
702 1011 847 1051 plurima,
868 1022 948 1051 quae
969 1022 988 1042 a
1008 1011 1132 1043 domino
1146 1012 1312 1043 Frmzciseo
1328 1013 1364 1043 de
1386 1013 1564 1045 Zabarellis

61 1068 122 1099 tuli
133 1068 164 1105 ¹²,
184 1078 221 1099 eo
237 1068 363 1108 quidem
377 1069 505 1109 majora,
522 1069 604 1108 quod
615 1069 637 1085 ¹³
657 1068 691 1098 in
705 1068 793 1099 tenui
807 1069 933 1100 fortuna
947 1079 1004 1100 sua
1018 1071 1171 1109 praestita
1191 1072 1273 1106 sunt,
1296 1073 1564 1111 praestanturque

61 1125 211 1166 quotidie,
226 1136 322 1166 quum
335 1126 356 1143 ¹⁴
377 1126 454 1156 mihi
478 1135 534 1156 sua
549 1125 653 1156 onmia
671 1126 846 1156 communia
861 1129 942 1163 sunt,
963 1126 1076 1166 quibus
1096 1137 1158 1158 non
1172 1137 1258 1158 secus
1271 1128 1292 1144 ¹⁵
1313 1131 1408 1168 atque
1431 1129 1564 1168 propriis

56 1183 104 1213 uti
114 1182 216 1214 liceat.
232 1182 291 1214 Sed
306 1185 342 1213 111
356 1186 481 1214 caetera
497 1183 648 1220 omittam,
663 1183 739 1222 quid
752 1183 820 1213 dari
842 1183 918 1213 mihi
933 1185 1035 1224 majus
1048 1184 1088 1215 ab
1103 1194 1138 1215 eo
1158 1187 1271 1224 potest,
1288 1196 1383 1225 quam
1398 1186 1481 1225 quod
1495 1186 1564 1223 sibi,

56 1239 112 1280 qui
127 1242 173 1270 est
187 1240 286 1271 omnis
309 1240 433 1271 virtutis
449 1240 616 1280 specimen,
637 1240 774 1271 omnium
799 1240 1011 1271 doctrinarum
1032 1241 1146 1278 lumen,
1168 1244 1258 1272 tanta
1280 1253 1327 1272 me
1349 1242 1564 1274 familiaritate

57 1297 284 1328 8.(181111781-11216
305 1297 432 1335 Quoties
457 1298 538 1328 enim
564 1300 672 1337 repeto
694 1298 889 1328 suavissimas
910 1298 1154 1336 adhortationes,
1175 1299 1401 1330 admonitiones
1428 1301 1568 1340 gravissi-

59 1363 135 1392 maS,
154 1354 459 1394 jucundissimasque
481 1354 759 1392 confabulationes,
783 1365 832 1385 eos
853 1355 929 1385 mihi
949 1355 1050 1386 solum
1065 1355 1139 1395 dies,
1155 1366 1206 1387 eas
1223 1356 1314 1387 horas
1331 1357 1437 1388 videor
1454 1358 1566 1395 vivere,

56 1421 138 1451 quas
153 1421 257 1442 secum
272 1422 338 1451 ago.
360 1412 399 1442 Et
413 1412 558 1451 quoniam
572 1412 592 1428 ¹⁷
613 1412 670 1442 hoc
685 1413 786 1451 ipsum
803 1412 958 1452 ingressus
973 1422 1041 1443 sum
1054 1413 1084 1450 ¹⁸,
1109 1416 1144 1443 ut
1159 1413 1265 1444 debita
1283 1424 1351 1445 mea
1366 1424 1568 1454 recenserem,

61 1468 166 1508 magni
187 1468 263 1498 mihi
278 1469 415 1499 muneris
429 1471 487 1505 est,
500 1468 583 1508 quod
593 1469 614 1485 ¹⁰
628 1469 769 1508 plerique
790 1469 978 1500 ornatissimi
999 1469 1057 1500 viri
1072 1469 1173 1501 multa
1187 1481 1235 1501 me
1257 1471 1474 1502 benevolentia
1489 1482 1567 1503 com-

58 1524 144 1565 plexi
159 1525 181 1542 10
203 1527 286 1556 811111.
307 1525 352 1556 Ex
367 1526 479 1565 quibus
493 1536 676 1556 enumerare
691 1526 843 1565 quosdam
853 1527 952 1566 juvat,
974 1537 1108 1566 quorum
1122 1527 1207 1564 mihi,
1230 1531 1265 1558 111
1288 1528 1484 1568 indulgentia
1499 1539 1566 1568 per-

53 1584 159 1622 grata,
181 1583 226 1613 ita
252 1585 282 1613 et
306 1582 480 1614 recordatio
494 1582 650 1622 perdulcis
667 1586 721 1613 est.
742 1583 783 1613 Hi
798 1586 871 1614 sunt
886 1583 1024 1614 Mieleael
1037 1584 1072 1615 cle
1094 1584 1251 1622 Robatha,
1272 1588 1405 1624 utroque
1426 1596 1565 1622 munere,

61 1641 92 1670 et
115 1641 238 1670 armata
263 1639 376 1670 militia
391 1642 423 1670 et
446 1640 558 1671 inermi
582 1639 747 1670 literarum
773 1640 844 1678 otio,
861 1640 972 1677 clarus,
988 1641 1135 1681 magister
1146 1641 1167 1658 ²¹
1193 1642 1362 1673 Illarsz'lius
1383 1643 1418 1673 de
1447 1642 1565 1673 Sancta

46 1684 187 1736 'Sophia
209 1696 247 1727 de
263 1699 383 1728 natura
398 1708 512 1734 rerum,
539 1697 638 1737 deque
662 1697 746 1728 omni
768 1697 963 1737 philosophia
977 1698 1180 1735 doctissimus,
1195 1718 1232 1720 —
1248 1702 1280 1729 et
1301 1700 1442 1731 Colucius
1461 1701 1568 1740 floren-

54 1754 145 1784 =iinus
165 1753 335 1792 Pieridum,
350 1755 491 1795 egregius
513 1757 608 1792 vates,
625 1757 792 1794 oratorque
806 1755 1004 1794 percelebris.
1025 1755 1085 1786 Sed
1101 1756 1175 1796 quid
1191 1766 1246 1796 ego
1261 1767 1372 1794 moror,
1399 1767 1438 1788 ne
1461 1760 1493 1788 te
1519 1757 1568 1788 vel

59 1810 93 1841 in
113 1811 220 1850 primis
233 1822 410 1849 memorem,
431 1811 546 1843 saeculi
562 1812 658 1843 nostri
673 1812 776 1849 (188118,
792 1812 845 1851 qui
860 1822 909 1843 me
930 1815 961 1843 et
977 1813 1098 1844 sincera
1118 1813 1337 1844 benevolentia
1359 1817 1390 1845 et
1411 1814 1568 1845 familiari-

61 1869 131 1898 tate
141 1867 277 1907 plurima
290 1871 321 1899 et
335 1869 450 1900 litteris
466 1869 527 1899 tuis
542 1869 729 1909 gravissimis
743 1868 889 1909 dignatus
905 1879 946 1906 88,
961 1870 1077 1910 quique
1089 1871 1112 1887 ²2
1122 1870 1168 1900 nil
1182 1870 1246 1901 tale
1262 1871 1407 1902 meritum
1422 1871 1532 1902 laudas
1543 1872 1565 1888 ‘²³

66 1925 200 1963 vocibus,
219 1925 341 1965 scriptis
355 1926 477 1966 probas,
492 1926 584 1966 erigis
601 1926 633 1956 in
647 1935 742 1966 spem,
757 1925 902 1977 hortaris,
923 1937 1038 1965 mones,
1062 1929 1094 1958 et
1107 1938 1322 1968 quaecumque
1347 1929 1566 1968 praeceptoris,

70 2094 78 2111 ¹
99 2094 153 2122 ΡΡ.
173 2094 312 2122 animum.
333 2094 378 2121 Gr.
399 2101 456 2120 var.
476 2094 592 2120 natura.
832 2096 852 2113 ¹⁴
872 2095 924 2123 Nei
944 2095 1029 2123 codici
1047 2105 1137 2131 quum
1156 2104 1170 2123 0
1190 2097 1303 2131 qnando
1322 2105 1336 2123 o
1353 2098 1497 2132 qnoniam.

69 2139 80 2157 ²
100 2138 154 2166 ΡΡ.
174 2138 399 2173 accipientisque.
833 2141 854 2157 ¹⁵
873 2140 926 2167 ΡΡ.
946 2147 1049 2168 secum.

69 2183 80 2200 ³
99 2182 160 2210 PM.
179 2183 346 2217 coynitione.
367 2182 426 2209 Cosi
448 2182 494 2210 Gr.
513 2189 585 2209 come
604 2181 739 2211 variante.
835 2184 856 2201 ¹⁶
876 2184 921 2212 Gr.
941 2193 954 2209 f·
974 2184 1036 2212 PM.
1054 2185 1200 2212 ascia-erat.
1220 2185 1266 2213 Gr.
1286 2185 1314 2212 in
1335 2185 1460 2221 margine
1488 2186 1523 2214 ha
1544 2186 1571 2214 la

70 2226 82 2245 4
101 2227 158 2255 ΡΡ.
176 2227 209 2254 ed
227 2226 292 2254 altri
312 2228 358 2254 est.
867 2227 972 2255 leziono
990 2228 1092 2263 giusta.

69 2271 81 2289 ⁵
100 2271 146 2299 Gr.
166 2279 222 2299 var.
241 2271 314 2298 111171ιῖ
333 2271 439 2299 animo.
834 2273 854 2289 ¹⁷
874 2273 927 2299 ΡΡ.
946 2281 1019 2301 cnm.

73 2315 85 2333 ⁶
98 2314 152 2343 Nei
170 2314 255 2343 codici
275 2315 476 2343 miserrimum.
830 2317 852 2334 13
873 2318 924 2344 ΡΡ.
945 2318 1007 2345 sim.

70 2360 82 2378 ⁷
99 2359 146 2388 Br.
173 2368 186 2386 e
212 2359 274 2387 PM.
300 2368 376 2388 numi.
406 2360 452 2388 Gr.
472 2358 558 2387 Hanc
577 2368 590 2386 e
616 2359 645 2386 in
671 2359 797 2395 margine
835 2361 856 2378 ¹⁹
877 2361 930 2389 ΡΡ.
951 2370 1073 2397 mamma
1094 2363 1163 2390 milei
1183 2371 1320 2391 numerus
1337 2365 1403 2399 es&
1422 2365 1499 2398 quia.

96 2414 110 2429 «
124 2404 196 2431 Nam
216 2403 246 2431 in
266 2403 293 2431 G.
313 2404 344 2432 P.
360 2415 371 2427 n
831 2406 854 2423 2⁰
875 2406 920 2433 Gr.
939 2406 1096 2441 complessi.

70 2449 82 2466 ⁸
99 2448 154 2476 ΡΡ.
175 2448 293 2476 moriar.
833 2450 853 2466 ²¹
875 2449 936 2478 PM.
962 2452 1082 2478 anneta:
1112 2464 1122 2473 α
1137 2450 1224 2479 M—
1239 2451 1380 2486 magister,
1400 2453 1465 2487 quia
1485 2453 1575 2481 docto-

71 2493 83 2511 9
101 2492 147 2521 Gr.
167 2500 181 2520 e
200 2492 261 2519 PM.
280 2501 339 2520 non
358 2492 415 2527 qui.
870 2501 914 2520 res
933 2493 1043 2528 artium,
1063 2493 1111 2521 hoc
1131 2496 1174 2522 est
1199 2494 1398 2531 philosophiae,
1427 2497 1576 2526 medicinae

60 2537 83 2554 ¹⁰
103 2536 157 2571 Gr.,
176 2536 237 2565 PM.
257 2544 270 2564 e
290 2536 345 2565 ΡΡ.
364 2537 441 2564 sunt.
870 2538 921 2566 etc.
941 2538 1070 2572 magistri
1089 2538 1153 2566 olim
1174 2539 1377 2569 vocabantur.»

62 2581 84 2598 ¹¹
103 2580 160 2609 ΡΡ.
179 2588 244 2608 esse.
837 2583 860 2600 ‘²2
880 2582 934 2610 ΡΡ.
954 2591 1099 2617 quemque.

63 2625 86 2642 ¹²
104 2624 158 2652 ΡΡ.
178 2624 252 2653 tulit.
837 2627 859 2644 ²³
878 2626 930 2653 Nei
951 2626 1036 2654 codici
1055 2627 1160 2656 laudes.
1181 2628 1227 2656 Gr.
1248 2628 1358 2658 laudas.

63 2669 86 2686 ¹³
105 2668 160 2698 ΡΡ.
181 2677 246 2704 quo.
