1845 3076
746 165 882 188 srisrom
1511 156 1568 187 123

68 254 125 289 est,
146 261 243 292 quum
270 260 290 281 a
318 252 359 287 te,
379 249 445 281 viro
465 249 638 280 doctissimo
658 249 691 279 in
711 249 841 288 primis¹
871 251 937 279 tum
952 249 963 265 ²
989 248 1183 288 aequissimo,
1212 249 1317 287 atque,
1345 247 1370 278 si
1399 247 1431 278 id
1457 257 1568 279 nomen

66 309 158 346 obsit,
172 307 364 345 amicissimo,
388 309 454 338 tam
479 306 598 337 clarum
618 306 712 337 rebus
732 306 807 336 meis
827 305 1037 336 testimonium
1058 305 1214 336 redditum
1236 304 1301 336 est?
1323 304 1403 336 Nam
1425 304 1499 344 quid
1521 306 1568 335 est

70 365 154 406 quod
169 365 206 396 de
220 365 231 382 ³
251 367 283 395 te
303 364 405 395 verius
419 363 579 404 digniusve
598 362 658 393 dici
672 363 833 402 potuisset,
856 374 917 402 quo
932 362 980 393 vel
995 363 1059 393 solo
1072 362 1120 393 vel
1142 372 1179 393 ex
1201 362 1307 402 paucis
1332 372 1450 393 summo
1476 364 1569 402 poeta

67 424 162 462 atque
175 424 298 454 oratore
313 421 455 461 superbit
476 420 578 458 Italia,
600 430 694 459 quam
707 420 717 436 ⁴
739 419 821 459 quod
836 422 882 457 tu,
898 438 936 442 —-
950 422 995 457 tu,
1016 420 1152 459 inquam⁷
1172 419 1197 449 is
1212 419 1268 456 vir,
1282 438 1320 441 —
1336 419 1374 450 (16
1395 429 1443 450 1116
1457 419 1570 459 profes-

69 488 120 510 sus
141 489 182 518 es,
204 479 242 510 de
256 478 267 496 ⁵
287 481 319 509 te
333 478 459 515 scilicet,
474 477 604 517 epistola
616 477 672 508 illa
692 487 771 513 mea,
793 486 873 516 quae
894 476 935 507 ad
956 476 1104 507 Sanctum
1125 478 1265 507 nostrum
1286 476 1364 513 0311,
1383 477 1429 507 ita
1443 478 1533 516 rapto
1548 476 1569 514 ⁷,

73 538 110 567 ut
123 538 270 576 sequutas
284 535 441 575 Orpheum
457 534 557 575 sylvas
574 534 681 565 mirari
699 534 764 574 jam
785 534 917 570 desinas,
933 536 964 564 et
980 534 1077 573 (quod
1091 534 1101 548 ³
1121 543 1243 564 0111116111
1265 534 1447 572 patientiam
1469 543 1571 564 meam

69 593 205 633 excedit)
225 595 348 624 tantam
362 592 394 623 in
409 602 458 623 me
472 591 710 632 splendidissimi
725 591 786 622 oris
800 593 986 631 potestatem
1001 590 1100 622 colere
1123 601 1159 621 ac
1179 591 1320 622 venerari
1342 593 1372 622 tc
1393 591 1499 622 dicas?
1521 589 1570 621 Ad

74 650 152 681 haec
173 659 228 691 ego
249 650 332 690 quod
352 649 515 681 redderem
537 648 733 686 111111111611111,
748 649 872 688 quinec
893 648 954 678 ista
973 648 1011 678 de
1028 659 1075 679 me
1090 649 1197 685 sentio,
1224 648 1278 679 scd
1302 659 1367 685 1166,
1387 648 1509 679 dicente
1529 651 1571 685 te,

67 706 201 738 inficiari
222 707 395 747 quidquam
411 707 422 723 ⁹
443 706 602 737 auderem.
624 705 692 736 Tua
706 708 810 736 tamen
827 705 857 743 ¹⁰,
871 705 896 736 si
909 705 954 736 ita
965 705 1096 745 judicas,
1111 705 1326 736 benevolentia
1342 705 1378 736 fit
1393 708 1428 736 ut
1442 705 1573 735 nimium

71 764 201 796 tribuas.
224 763 305 802 Quid
321 766 427 795 autem
442 763 530 794 (116οὲ
546 763 563 779 11
588 763 657 794 Tibi
679 765 753 794 nota
774 764 846 793 sunt
870 772 951 802 quac
975 763 1119 803 castigari
1144 762 1247 799 velles,
1268 763 1300 792 in
1321 773 1452 801 quorum
1473 762 1573 793 altero

70 821 171 852 minus
194 821 325 852 fortasse
348 821 427 861 pius,
448 821 481 851 in
495 820 595 851 altero
608 820 754 860 prodigus
773 820 864 850 nimis
879 829 989 851 essem.
1009 820 1059 851 Ita
1079 819 1204 859 quidem
1219 822 1381 859 acceptum
1405 830 1424 850 a
1449 830 1497 850 me
1517 822 1573 856 est,

71 880 108 909 ut
127 888 215 909 veras
230 878 253 895 ¹2
273 878 305 908 in
327 880 465 909 caeteros
481 878 501 895 ¹³
523 877 633 909 laudes
655 877 813 908 crederem
835 877 936 915 datas,
960 887 1057 916 quum
1082 887 1183 917 pauca
1208 876 1455 916 1›erspexisses¹⁴‚
1477 887 1538 916 quo
1553 876 1572 893 ¹⁵

70 937 148 966 nota
170 938 226 966 tua
242 935 264 952 ¹¹³
284 935 397 966 merita
414 934 578 975 judicares.
601 935 648 965 De
673 945 734 974 quo
759 934 885 974 quidem
908 944 1010 974 neque
1034 934 1172 974 oportuit
1196 944 1298 973 neque
1319 934 1447 974 dignum
1468 933 1528 964 fuit
1543 934 1574 971 ¹⁷,

72 992 194 1023 veniam
215 994 247 1022 te
268 991 444 1032 protestari⁷
466 992 591 1031 quando
606 1002 727 1023 1116611111
742 1002 803 1023 11011
817 992 910 1022 aliter
923 1002 960 1022 ac
974 1002 1045 1022 611111
1061 991 1184 1023 Jsraele
1205 993 1259 1022 tuo
1272 991 1375 1030 possis,
1389 991 1443 1030 qui
1457 993 1488 1021 te
1499 990 1573 1021 felix

73 1052 119 1080 est
138 1051 239 1089 patre,
262 1051 359 1089 tuque
383 1059 492 1088 precor
513 1049 558 1089 (id
574 1049 656 1089 quod
671 1051 755 1080 certe
776 1050 879 1089 spero)
903 1059 938 1079 eo
960 1048 1034 1079 felix
1054 1049 1094 1079 sis
1114 1048 1186 1079 filio.
1210 1048 1306 1088 impie
1320 1048 1415 1087 igitur
1428 1048 1486 1079 tibi
1502 1057 1572 1078 611111

69 1106 173 1146 patria
188 1106 294 1137 videor
308 1116 401 1146 agere
424 1108 511 1146 (nam
536 1106 573 1137 de
588 1105 731 1146 gratifica
754 1106 892 1137 oratione
917 1106 1089 1137 videbimus
1113 1107 1247 1145 postea),
1269 1116 1366 1145 quum
1380 1105 1401 1122 ¹⁸
1423 1115 1469 1142 ea,
1491 1115 1571 1145 quae

70 1162 170 1194 lucem
190 1163 287 1201 dedit,
315 1162 451 1201 sustulit,
473 1163 632 1200 enutrivit,
657 1165 802 1203 parentes
827 1166 923 1203 atque
947 1163 1123 1194 universam
1150 1163 1364 1203 cognationem
1391 1162 1571 1199 servavitw,

69 1230 207 1258 avorum,
228 1220 458 1260 superiorisque
480 1219 617 1251 familiae
642 1220 790 1260 reliquias
812 1221 907 1251 etiam
935 1231 1018 1251 nunc
1046 1223 1154 1251 tuetur
1169 1220 1200 1258 ²⁰,
1232 1222 1297 1250 tam
1323 1220 1461 1259 improbe
1492 1219 1568 1250 mihi

70 1277 220 1308 damnata
242 1280 296 1308 est.
318 1278 357 1309 Et
370 1278 497 1317 ponitur
511 1277 645 1318 quidem,
660 1280 696 1308 ut
711 1277 765 1315 ais,
785 1277 869 1309 inter
883 1278 1040 1309 felicitatis
1054 1287 1199 1309 numeros
1220 1277 1335 1316 patria.
1356 1276 1415 1307 Sed
1437 1287 1492 1317 ego
1515 1279 1572 1307 aut

68 1345 182 1374 parum
202 1334 278 1365 mihi
300 1334 397 1366 fidam
411 1335 431 1352 ²¹
454 1337 511 1366 aut
524 1334 655 1365 nimium
669 1334 745 1365 mihi
760 1345 836 1374 opus
851 1338 898 1366 est
911 1345 1062 1375 arrogem,
1083 1335 1108 1365 si
1123 1334 1171 1366 vel
1185 1334 1338 1374 dignitate
1359 1334 1443 1365 illius
1461 1333 1510 1365 vel
1531 1335 1573 1365 te-

69 1392 192 1423 nuitate
206 1392 310 1429 etiam,
323 1402 455 1431 quorum
471 1392 617 1423 accedere
631 1395 800 1432 utrumque
811 1393 834 1409 2²
850 1393 890 1423 ad
905 1392 1035 1432 gloriam
1048 1395 1158 1432 potest,
1170 1402 1218 1422 res
1232 1392 1345 1422 metiar
1358 1401 1450 1423 meas.
1463 1390 1574 1431 Neque

71 1449 153 1480 enim
168 1448 236 1480 ideo
251 1448 350 1488 pluris
376 1459 395 1480 a
409 1459 459 1480 me
479 1449 524 1487 fit,
545 1449 627 1489 quod
639 1450 670 1486 ²³,
695 1449 821 1481 Jastino
841 1452 944 1489 teque,
970 1450 1023 1489 qui
1048 1449 1123 1480 mihi
1146 1449 1247 1488 potior
1270 1459 1310 1486 63,
1335 1451 1424 1486 teste,
1449 1448 1574 1480 Colchos

67 1508 210 1537 auctores
220 1505 341 1543 habuit,
352 1506 435 1546 quod
448 1516 535 1546 reges
544 1506 565 1523 ²⁴
580 1508 677 1546 atque
692 1506 915 1546 amplissimum
929 1506 1078 1546 populum
1090 1506 1172 1543 tulit⁷
1185 1506 1331 1546 quodque
1339 1506 1361 1523 ²⁵
1372 1515 1455 1536 nunc
1469 1505 1573 1542 etiam,

68 1563 116 1594 uti
130 1563 318 1602 existimant,
333 1573 478 1594 caesareo
500 1564 625 1595 nomine
646 1563 732 1595 clara
747 1566 801 1601 est,
813 1582 851 1586 —-
862 1563 916 1594 sed
929 1573 1031 1604 neque
1044 1563 1179 1600 minoris,
1197 1563 1279 1603 quod
1293 1563 1395 1594 tenuis
1407 1563 1429 1579 ²⁵
1450 1564 1506 1593 aut
1525 1571 1574 1593 ve-

68 1622 163 1658 tusta,
185 1622 225 1657 et,
247 1620 330 1660 quod
344 1620 366 1638 ²⁷
387 1620 521 1651 flebilius
543 1623 588 1652 est
602 1621 634 1658 ²⁸,
656 1624 729 1652 ante
743 1621 898 1661 proximos
913 1631 1011 1652 annos
1025 1623 1136 1652 exusta
1150 1621 1198 1658 sit,
1215 1631 1312 1660 quum
1332 1630 1394 1651 nou
1407 1619 1574 1660 despicien-

72 1677 114 1709 da
127 1677 149 1695 ²⁹
169 1677 228 1708 civi
248 1688 313 1715 suo,
334 1677 389 1709 sed
409 1677 490 1709 hosti
511 1677 613 1717 potius
627 1678 805 1710 miseranda
820 1680 908 1715 esset,
931 1697 970 1700 —
985 1688 1177 1718 quamquam
1194 1678 1261 1718 jam
1281 1677 1392 1715 nescio,
1414 1688 1475 1717 quo
1496 1676 1572 1716 opti-

68 1744 119 1766 mo
140 1734 248 1775 sydere
263 1734 349 1766 refici
363 1745 400 1766 ac
413 1735 644 1775 rejuvenescere
658 1735 785 1776 quidem
799 1736 936 1776 caeperit
947 1736 978 1766 ³⁰.
995 1736 1059 1776 Ego
1075 1735 1157 1767 enim
1171 1737 1236 1766 tam
1249 1735 1359 1767 absum
1383 1735 1437 1775 qui
1461 1733 1575 1765 idcirco

78 1837 87 1854 ¹
106 1836 161 1865 ΡΡ.
174 1836 326 1871 imprimis.
843 1839 863 1855 ¹³
882 1838 909 1865 N
911 1837 935 1865 ei
953 1837 1039 1865 codici
1057 1837 1089 1865 in
1107 1837 1230 1866 coeteris.

77 1881 89 1899 ²
113 1880 184 1908 Tam
203 1888 252 1915 per
268 1881 393 1915 inoltroe
412 1881 468 1910 ΡΡ.
486 1882 557 1909 tum.
839 1883 860 1900 ¹⁴
880 1882 934 1911 ΡΡ.
947 1882 1135 1917 perspeoeisse.

77 1925 88 1943 ³
107 1924 160 1953 Nei
179 1924 265 1952 codici
283 1932 389 1953 omcsso
408 1925 428 1953 il
447 1925 496 1961 (ἵε,
525 1926 585 1955 PM.
605 1925 680 1955 dice:
709 1939 719 1951 ει
734 1926 805 1955 desi·
840 1927 862 1945 ¹⁵
880 1926 934 1954 Nei
953 1926 1037 1954 codici
1056 1935 1136 1961 quae.

99 1968 212 1997 deratur
229 1977 248 1997 a
260 1981 272 1993 »
838 1972 860 1989 ¹⁰
880 1971 924 1999 ΒΥ.
943 1980 957 1997 6
976 1971 1029 2000 PP.
1049 1972 1147 1998 uotam
1167 1972 1246 1998 tuam

78 2014 88 2032 ⁴
107 2013 162 2041 ΡΡ.
182 2013 302 2042 Italia?
324 2013 424 2050 Quam.
840 2016 861 2033 ¹⁷
881 2015 925 2043 Gr.
946 2023 1029 2042 senza
1048 2015 1115 2048 sicil.

77 2058 88 2076 ⁵
105 2056 158 2085 Nei
177 2056 262 2084 codici
280 2065 379 2085 manca
398 2057 418 2084 il
436 2057 471 2085 de
838 2060 860 2077 ¹⁸
879 2058 932 2087 Nei
953 2059 1037 2087 codici
1058 2067 1129 2087 cum.

76 2103 88 2120 ⁶
106 2101 275 2130 Sottointeso
293 2102 389 2130 missa.
408 2102 465 2130 Est
491 2102 555 2131 vuol
573 2102 631 2130 dire
649 2103 736 2131 anche
754 2112 803 2139 ap—
839 2105 861 2121 ¹⁹
880 2103 934 2131 ΡΡ.
947 2103 1104 2138 persuasit.

94 2146 240 2181 partiene.
836 2149 859 2166 2⁰
877 2148 931 2176 Nei
949 2148 1035 2176 codici
1054 2151 1171 2177 tuentur
1188 2156 1204 2177 0
1223 2150 1348 2178 tueatur.

76 2190 87 2208 ⁷
106 2190 167 2219 PM.
187 2191 253 2218 nota
271 2190 320 2218 che
339 2199 378 2219 un
397 2191 487 2219 codice
506 2191 543 2219 ha
560 2193 666 2221 ratum.
685 2192 748 2221 Cosi
767 2192 803 2220 ha
838 2194 859 2211 2¹
879 2193 934 2221 ΡΡ.
953 2193 1057 2227 fidans.

101 2233 164 2269 Gr.;
183 2233 237 2262 Nei
255 2234 340 2262 codici
358 2236 477 2269 raptum
839 2238 862 2256 2²
881 2237 933 2265 Nei
953 2237 1038 2265 codici
1056 2240 1215 2274 utcumque.

78 2279 90 2296 ⁸
109 2278 162 2306 Nei
180 2278 266 2306 codici
284 2279 415 2314 quodque
433 2286 506 2307 come
524 2279 659 2310 variante.
839 2283 862 2301 2¹
881 2282 937 2310 ΡΡ.
955 2282 1033 2317 quia.

75 2324 88 2341 ⁹
106 2322 257 2358 0031PM.;
271 2323 326 2352 ΡΡ.
344 2331 464 2358 quoque.
482 2323 542 2351 Puo
555 2325 628 2352 stare
646 2333 682 2353 ne
693 2333 803 2361 quoque
837 2327 859 2344 ‘²⁴
879 2326 935 2355 ΡΡ.
954 2327 1023 2362 quia
1041 2335 1127 2363 reyes.

100 2375 149 2402 per
175 2375 211 2396 ne
237 2367 359 2403 quidem,
387 2376 431 2395 ma
457 2367 478 2395 il
505 2376 588 2397 senso
613 2368 643 2396 fa
670 2369 802 2404 preferire
838 2372 861 2389 ²⁵
879 2371 934 2400 ΡΡ.
953 2380 1039 2406 quam
1058 2381 1131 2407 quae
1148 2380 1234 2401 nunc.

99 2411 263 2447 quidquam.
838 2416 860 2433 ²⁶
879 2415 934 2443 ΡΡ.
953 2415 1024 2450 quia
1043 2415 1144 2444 tenuis.

65 2456 87 2474 ¹⁰
103 2455 157 2484 Nei
176 2455 278 2485 codici:
297 2457 328 2484 tu
347 2457 441 2485 tamen
460 2480 571 2487 .....
591 2457 707 2493 ‚iudices
724 2458 802 2487 bene·
836 2460 858 2477 2⁷
877 2459 931 2487 ΡΡ.
951 2468 1037 2495 quam
1056 2461 1148 2496 qzood3
1168 2460 1214 2489 Gr.
1233 2460 1374 2497 quodque.

100 2500 245 2529 volent'iae.
839 2505 862 2522 ΞΒ
881 2503 927 2532 Gr.
947 2503 1063 2537 felicius
1082 2506 1130 2533 est.

66 2545 86 2562 ¹¹
106 2543 159 2572 Nei
178 2544 263 2573 codici
281 2554 354 2580 quae
373 2547 468 2575 autem
486 2546 547 2575 dico
566 2546 615 2575 tibi
633 2548 702 2576 nota
719 2548 801 2582 sun&
837 2549 860 2566 ²⁹
878 2547 939 2576 PM.
958 2548 1142 2583 dispicienda.

101 2588 147 2618 Gr.
165 2590 241 2624 quod
258 2591 361 2619 autem.
837 2593 860 2610 ³⁰
877 2592 931 2620 ΡΡ.
951 2593 1047 2628 coepit.

64 2634 88 2652 ²²
107 2633 152 2664 Gr.
172 2642 240 2662 vera
259 2642 308 2669 per
325 2642 414 2663 veras.
