1845 3076
771 182 910 206 Emsrots
1542 180 1598 212 183

84 265 165 303 vitae,
186 275 266 305 quae,
288 265 364 296 mihi
386 275 442 305 per
462 267 510 297 tot
530 275 628 297 annos
650 267 832 305 perspecta¹
855 269 938 304 sunt,
960 277 1021 298 non
1042 271 1118 299 ante
1138 267 1277 300 oblivisci
1298 279 1393 309 quam
1417 271 1479 302 mei
1492 271 1591 312 ipsius

85 325 203 363 potero,
224 332 285 353 non
316 324 412 353 antea
442 321 609 354 desinere²
629 322 800 362 praedicare
821 333 916 363 quam
937 334 986 355 me
1008 324 1074 355 vita
1095 324 1238 357 deserere
1262 327 1400 366 coeperit.
1426 327 1596 360 Florentiae

87 379 177 410 illum
198 379 334 419 primum
355 379 426 410 novi
447 382 521 410 ante
542 378 673 420 triginta
695 380 760 410 fere
781 390 887 417 annos,
901 391 999 420 quum
1013 381 1056 412 ibi
1069 382 1246 414 studiorum
1258 393 1353 415 causa
1372 394 1522 423 versarer,
1536 386 1591 418 ille

89 446 162 468 vero
182 435 331 467 canonica
347 436 422 476 jura
442 435 591 467 traderet.
614 435 676 467 Ubi
695 437 777 468 tanti
798 437 902 468 meriti
924 438 1119 470 existimatus
1141 442 1197 476 est,
1217 443 1262 478 ut,
1283 450 1353 472 cum
1370 442 1503 473 baberet
1519 443 1596 475 urbs

85 492 140 524 illa
161 492 332 533 plurimos³
354 492 435 524 cives
456 493 536 524 viros
556 493 827 532 praestantissimos
848 497 880 525 et
900 495 1007 534 quovis
1027 495 1127 536 gradu
1149 496 1268 537 dignos,
1289 500 1395 529 tamen
1410 499 1493 530 hunc
1517 500 1594 531 alie-

86 549 231 590 nigenam
252 552 348 589 atque
368 549 534 581 admodum
546 549 703 590 juvenem,
725 553 855 582 vacante
876 553 953 582 tunc
976 552 1056 583 forte
1076 553 1267 593 episcopatu,
1281 555 1345 585 suis
1358 556 1504 587 omnibus
1517 567 1595 596 prae-

83 606 193 637 tulerit
215 609 247 638 et
267 606 299 637 in
321 609 477 646 pastorem
497 607 555 638 sibi
577 606 713 648 elegerit.
731 606 820 645 Quod
835 608 973 647 profecto
988 616 1052 640 tam
1068 610 1226 651 egregium
1242 611 1491 651 prudentissimae
1509 614 1595 645 urbis

81 663 246 705 judicium,
269 663 328 695 etsi
350 667 425 695 tunc
446 662 558 695 effectu
578 664 680 695 caruit
703 666 856 704 (summus
876 675 1012 705 namque
1035 667 1183 706 pontifex,
1197 671 1272 699 ante
1287 669 1427 700 oblatam
1441 670 1500 702 sibi
1520 670 1596 702 elec-

89 721 214 759 tionem,
237 730 305 761 quae
327 720 366 752 de
386 720 441 752 illo
463 724 540 758 erat,
561 721 659 752 alium
676 721 744 761 jam
764 721 961 762 praefecerat)
984 723 1145 763 gloriosius
1167 724 1195 755 ei
1217 725 1276 755 suit
1296 736 1391 765 quam
1412 726 1457 757 illi
1476 727 1596 767 Episco-

86 780 196 817 patum
224 778 396 809 obtinuisse
423 778 476 818 qui
504 777 637 818 adeptus
665 781 719 809 est.
743 778 788 809 Ex
811 779 866 810 e0⁴
889 782 1037 819 tempore,
1060 783 1224 821 postquam
1255 784 1430 814 conversari
1459 785 1534 824 caepi
1561 788 1593 816 et

83 835 226 875 perspexi
247 835 371 874 penitus
392 834 557 872 hominem,
581 835 689 875 majori
715 845 837 875 semper
858 836 947 867 illum
970 838 1145 869 reverentia
1166 838 1272 870 habui.
1295 839 1396 871 Tanto
1417 841 1499 872 euim
1523 845 1593 873 erat

84 891 209 932 ingenio
229 894 260 922 et
281 895 346 922 tam
368 891 534 923 excellenti
556 893 680 930 virtute,
702 896 745 929 ut,
769 903 849 931 cum,
871 894 954 924 omni
970 893 1044 931 loco,
1059 895 1307 935 omnitempore,
1323 906 1354 927 se
1369 900 1471 928 totum
1486 908 1595 938 cogno-

83 948 232 980 scendum
245 949 416 986 exhiberet,
430 959 553 989 semper
567 953 673 980 tamen
688 950 720 980 in
735 950 812 986 dies,
827 961 888 990 quo
904 951 1038 991 amplius
1049 953 1261 990 tractabatur,
1274 964 1310 984 eo
1321 955 1421 994 major
1433 955 1593 986 videretur

85 1008 116 1037 et
137 1005 254 1037 melior.
278 1006 486 1044 Quamobrem
509 1007 667 1038 interdum
690 1007 817 1047 quidem
839 1008 868 1038 ei
891 1007 1079 1039 domesticus
1100 1009 1154 1047 fui,
1169 1020 1291 1050 semper
1303 1013 1410 1042 autem
1425 1012 1594 1044 familiaris.

83 1063 124 1094 Et
144 1074 237 1103 quem
257 1063 428 1103 aliquando
449 1063 606 1095 doctorem
629 1065 722 1095 habui
740 1076 808 1096 cun]
826 1065 978 1096 discendis
989 1066 1114 1106 juribus
1128 1078 1281 1106 vacarem,
1297 1078 1368 1099 eum
1384 1069 1460 1100 mihi
1471 1070 1591 1110 jugiter

83 1121 219 1152 amicum
241 1121 393 1161 optimum
415 1124 446 1153 et
468 1124 588 1161 patrem
610 1122 856 1153 amantissimum
881 1123 970 1154 sensi.
993 1123 1122 1155 Romam
1153 1127 1259 1156 autem
1281 1126 1439 1165 primum5
1461 1129 1589 1158 euntem

79 1178 248 1209 comitatus
270 1188 347 1214 sum,
370 1189 439 1209 cum
463 1179 594 1210 tollendi
614 1179 707 1219 hujus
723 1180 863 1219 pestiferi
878 1180 1052 1211 schismatis
1066 1191 1160 1212 causa
1174 1182 1338 1214 consilium
1353 1184 1487 1215 daturus
1501 1194 1589 1215 voca-

82 1238 178 1266 retur.
200 1235 240 1266 Et
261 1239 337 1267 tunc
359 1236 484 1276 quidem
507 1239 557 1276 (ut
576 1236 668 1274 vulfio
689 1236 864 1277 ferebatur)
886 1242 1046 1277 promotus
1068 1239 1176 1270 fuisset
1197 1240 1374 1278 cardinalis,
1387 1241 1446 1271 nisi
1467 1242 1590 1272 Bonisa-

80 1293 142 1324 tius
163 1293 217 1329 IX,
239 1294 291 1333 qui
314 1293 456 1325 Ecclesiae
479 1298 624 1333 praeerat,
647 1294 767 1333 pridem
788 1294 944 1326 didicisset
967 1297 1064 1336 magis
1090 1297 1269 1328 existimare
1297 1298 1463 1337 pecuniam
1491 1309 1588 1338 quam

78 1350 238 1387 virtutem,
260 1361 394 1390 quarum
417 1351 546 1382 alterius
567 1351 654 1391 inops
675 1354 753 1388 erat,
775 1351 906 1383 alterius
935 1352 1194 1392 opulentissimus.
1223 1353 1326 1392 Quum
1354 1355 1451 1395 igitur
1478 1356 1590 1387 audire

79 1406 133 1438 ille
154 1407 252 1447 magis
272 1407 376 1443 vellet,
398 1418 460 1448 quo
481 1411 572 1448 pacto
593 1408 790 1439 stabiliretur
811 1409 839 1439 ei
860 1412 1003 1449 papatus
1032 1420 1127 1450 quam
1150 1421 1212 1451 quo
1232 1411 1367 1443 schisma
1387 1412 1426 1443 de
1454 1412 1590 1444 Ecclesia

80 1463 254 1502 tolleretur,
274 1474 332 1495 nec
359 1468 483 1504 pateret
512 1466 561 1496 via
581 1476 644 1505 qua
665 1465 696 1496 in
718 1469 889 1506 utrumque
919 1466 997 1498 bene
1026 1467 1145 1498 consuli
1172 1472 1283 1508 posset,
1306 1469 1462 1500 inutiliter
1482 1473 1589 1501 actum

78 1523 125 1552 est
155 1521 233 1552 illud
255 1521 324 1559 iter,
347 1522 431 1562 quod
453 1533 566 1563 magna
587 1523 805 1562 expectatione
826 1526 1004 1563 susceptum
1031 1524 1143 1556 fuerat.
1166 1525 1280 1556 Totum
1305 1526 1439 1557 subinde
1465 1530 1590 1567 tempus

79 1589 179 1618 usque
200 1589 262 1619 quo
283 1579 385 1610 denuo
406 1580 438 1610 in
460 1579 633 1610 Romanam
654 1580 773 1611 curiam
795 1580 911 1611 accitus
932 1584 978 1611 est
993 1581 1109 1613 Paduae
1125 1583 1225 1613 natali
1240 1582 1305 1614 solo
1318 1583 1449 1624 peregit,
1463 1593 1589 1624 semper

76 1635 157 1676 juris
177 1636 322 1668 Canonici
343 1636 527 1677 professioni
548 1637 700 1675 addictus,
723 1637 782 1668 nisi
803 1638 886 1677 quod
905 1638 1064 1669 interdum
1077 1649 1192 1671 munus
1205 1640 1370 1680 legationis
1391 1641 1432 1672 ad
1454 1642 1591 1682 magna⁶

79 1694 217 1726 dominia
237 1698 269 1726 et
290 1695 329 1726 ob
351 1695 503 1726 maximas
534 1704 652 1731 causas
674 1695 763 1735 jussu
791 1696 1036 1736 principantium
1065 1697 1143 1728 adiit
1154 1698 1174 1729 ⁷.
1195 1698 1267 1729 Duo
1294 1699 1378 1730 enim
1403 1709 1466 1730 non
1487 1700 1588 1732 solum

82 1751 204 1783 diveisa
223 1752 278 1783 sed
303 1752 399 1784 etiam
425 1752 550 1784 omnino
577 1752 709 1783 adversa
736 1753 869 1793 imperia
894 1753 991 1785 urbs⁸
1012 1754 1068 1785 illa
1093 1764 1148 1786 suo
1173 1757 1313 1795 tempore
1339 1766 1431 1796 passa
1458 1760 1512 1788 est.
1546 1758 1592 1790 Ea

81 1812 188 1840 autem
207 1809 246 1840 de
267 1809 353 1840 illius
372 1810 553 1840 sinceritate
573 1819 695 1849 semper
717 1809 826 1841 habita
853 1813 900 1841 est
927 1811 1125 1849 existimatio,
1146 1814 1191 1849 ut,
1211 1813 1351 1853 quisquis
1380 1817 1459 1845 esset
1484 1825 1590 1847 rerum

77 1869 188 1904 status,
208 1866 285 1897 fides
307 1867 335 1898 ei
356 1867 549 1906 permaxima
570 1867 655 1907 apud
676 1877 782 1898 omues
803 1868 984 1905 haberetur,
1007 1871 1151 1909 essetque
1179 1880 1302 1910 semper
1328 1881 1409 1902 unus
1437 1872 1591 1912 imprimis

76 1926 229 1963 acceptus
258 1927 289 1955 et
315 1934 406 1955 carus
433 1924 583 1955 omnibus.
613 1923 823 1962 Quamobrem
853 1935 923 1956 cum
951 1925 1061 1957 fuisset
1091 1927 1247 1966 prioribus
1275 1929 1468 1968 tempon'bus
1493 1929 1590 1961 officio

81 1981 207 2021 quidem
222 1991 258 2012 ac
279 1981 432 2021 dignitate
453 1981 611 2021 proximus
633 1981 786 2021 episeopo,
807 1983 996 2014 auctoritate
1019 1993 1089 2015 vero
1110 1987 1142 2015 et
1164 1985 1306 2024 potentia
1328 1986 1424 2017 etiam
1439 1987 1590 2027 superior,

77 2039 238 2079 proxime⁹
258 2042 364 2069 tamen
385 2041 494 2078 postea
516 2041 637 2070 mutato
659 2049 765 2070 rerum
785 2042 870 2070 statu
884 2040 904 2057 ¹⁰
925 2040 957 2070 in
979 2041 1156 2081 episcopum
1178 2041 1360 2081 paduanum
1384 2043 1503 2075 electus
1530 2047 1584 2076 est.

80 2095 195 2127 Verum
216 2106 279 2127 non
294 2096 396 2126 minus
410 2096 512 2126 laudis
526 2096 682 2127 tributum
703 2098 750 2127 est
763 2097 791 2127 ei
804 2097 824 2114 ¹¹
838 2097 1023 2136 prudentiae,
1040 2099 1124 2138 quod
1139 2098 1283 2130 electioni
1302 2101 1498 2132 renunciavit
1517 2111 1588 2141 quae

77 2164 188 2194 parere
201 2154 405 2194 suspicionem
418 2154 439 2171 ¹²
460 2156 594 2194 poterat,
608 2164 704 2194 quam
716 2154 846 2193 justitiae
862 2154 972 2186 datum
992 2155 1028 2186 iis
1042 2156 1096 2196 qui
1113 2167 1183 2187 eum
1197 2156 1367 2198 elegerant,
1381 2168 1479 2198 quum
1498 2169 1588 2190 nemo

77 2221 116 2243 ex
136 2212 280 2243 omnibus
301 2212 349 2242 vel
371 2211 481 2243 melior
503 2211 736 2242 existimaretur
756 2213 805 2243 vel
826 2212 953 2243 doctior.
977 2213 1016 2244 Et
1036 2224 1111 2245 sane
1133 2225 1204 2245 cum
1224 2215 1257 2245 in
1279 2218 1408 2247 caeteras
1428 2216 1586 2248 doctrinas

76 2272 145 2300 tum
165 2269 300 2300 maxime
319 2269 352 2299 in
369 2268 626 2309 jurisprudentiae
647 2269 787 2300 studium
809 2272 841 2300 et
861 2269 989 2311 longum
1010 2274 1134 2311 tempus
1156 2276 1188 2303 et
1209 2282 1319 2312 graves
1335 2273 1457 2304 labores
1472 2274 1590 2315 impen-

77 2326 132 2358 dit.
156 2326 246 2358 Unde
266 2337 327 2357 non
348 2326 504 2357 immerito
525 2326 736 2366 principatum
757 2327 790 2357 in
811 2337 848 2358 ea
863 2337 906 2364 re,
921 2338 1070 2359 consensu
1085 2329 1223 2360 omnium
1237 2329 1401 2361 doctorum
1417 2331 1589 2370 hominum,

89 2422 96 2438 ¹
117 2419 158 2449 Π).
178 2420 293 2455 insputa
310 2421 377 2448 sunt
864 2422 873 2438 ⁷
894 2421 935 2449 Ib.
955 2421 1175 2456 principandum
1193 2422 1281 2451 obivit

86 2467 96 2484 ²
115 2465 158 2493 ΙΙ).
176 2466 242 2493 ante
262 2472 308 2492 eas
328 2464 451 2492 desinere
862 2466 873 2483 ⁸
894 2465 934 2493 ΙΙ).
954 2465 1027 2492 Urbs
1047 2465 1157 2493 Patavii
1178 2474 1228 2494 suo
1248 2469 1369 2502 tempore

86 2511 98 2527 ³
116 2509 265 2545 plurimum
284 2517 393 2544 quoque
860 2511 871 2527 ⁹
891 2509 937 2539 Gr.
958 2518 1040 2538 senza
1053 2512 1157 2545 postea

86 2555 97 2573 ⁴
116 2554 208 2582 Scard.
227 2562 260 2581 ex
280 2561 310 2581 eo
329 2555 450 2588 tempore
851 2555 873 2572 ¹⁰
891 2554 946 2582 PP.
965 2556 1058 2583 status

87 2601 98 2617 ⁵
116 2598 159 2627 Ib.
178 2599 288 2626 euntem
308 2598 427 2633 primum
852 2600 872 2616 ¹¹
893 2598 950 2625 PP.
969 2599 1032 2634 ejus

85 2645 96 2662 ὓ
114 2643 156 2672 Ib.
175 2643 210 2671 ad
228 2650 346 2678 magnos
365 2642 510 2678 Principes
529 2642 564 2670 ob
583 2642 717 2671 maximas
848 2644 870 2661 ¹²
888 2642 931 2670 Ib.
950 2642 1137 2677 suspicionem
1157 2643 1271 2673 Venetis
1291 2648 1398 2681 poterat
