1845 3076
718 177 854 200 ermom-2
1500 172 1536 200 :31

37 272 54 288 »
69 260 172 292 sobole
193 261 367 298 abundans,
388 261 486 293 laetos
501 261 620 292 utinam
641 260 707 292 dies
728 261 820 301 agas!
843 260 1029 292 Admonitus
1043 272 1111 293 sum
1127 262 1271 303 equidem
1286 272 1386 302 nuper
1408 262 1446 293 de
1467 261 1540 293 ado-

36 329 54 345 »
71 316 204 348 lescente
226 317 371 358 quadam,
391 318 543 349 bonorum
564 327 693 355 morum,
715 320 750 348 ut
764 320 811 348 est
826 316 918 354 fama,
940 319 1037 358 utque
1053 328 1108 358 ego
1119 320 1256 359 cognovi,
1277 322 1308 350 et
1323 319 1412 350 bonis
1428 328 1539 359 paren—

38 386 55 402 »
72 373 156 405 tibus
175 377 254 413 orta,
275 384 356 414 quae
371 374 579 405 conditionem
593 376 731 405 nostram
753 384 814 405 non
829 372 979 405 dedeceat
993 375 1011 411 ¹,
1032 384 1068 405 ac
1081 376 1186 412 etiam,
1208 376 1291 415 quod
1306 376 1433 407 fortuna
1456 385 1539 415 spee—

38 443 56 458 >›
75 432 145 462 tare
165 431 255 471 cogit,
286 441 348 462 non
368 441 484 471 parvae
505 431 594 462 dotis.
616 429 716 469 Quam
737 440 873 461 summas
895 440 1081 471 magnopere
1109 435 1140 463 te
1161 432 1277 469 hortor,
1301 435 1331 463 et
1355 442 1426 463 cum
1440 432 1450 448 ²
1482 431 1539 463 hoc

37 499 55 515 »
71 487 174 518 animo
196 497 263 519 meo
278 488 449 519 convenias,
473 487 522 519 Sic
536 487 651 518 etenim
665 490 697 518 et
711 487 825 518 liberos
840 487 926 524 dare,
941 490 973 518 et
986 488 1090 519 studia
1105 491 1160 519 tua
1176 489 1364 520 commodius
1381 489 1536 529 complere

39 556 56 572 >›
71 544 358 585 senescentiumque
390 547 556 584 parentum
586 544 782 575 incommoda
812 543 922 575 tollere
943 544 1067 583 poteris.
1099 544 1208 585 Neque
1236 545 1362 585 quidem
1384 556 1449 586 ego,
1481 545 1538 576 etsi

40 613 56 629 »
72 601 190 641 prolem
211 601 267 633 abs
286 604 317 632 te
334 601 454 632 avidius
475 602 596 639 vellem,
616 601 657 633 ad
677 602 735 632 hoc
755 604 787 632 te
807 603 971 641 tantopere
991 602 1181 639 inducerem,
1202 603 1228 632 si
1249 602 1358 633 domus
1379 602 1540 642 pristinae—

39 670 57 686 »
73 667 134 698 que
154 658 299 690 fortunae
328 661 467 695 starent,
500 659 575 698 quin
596 658 658 690 imo
686 659 825 698 placeret
839 659 860 696 ³,
881 662 917 689 ut
937 669 1063 690 securus
1083 662 1115 690 et
1135 659 1216 691 liber
1241 659 1341 690 literis
1369 669 1405 690 ac
1431 659 1540 690 studiis

40 728 57 744 »
73 715 145 753 tuis,
166 725 327 756 usquequo
346 716 450 752 velles,
472 715 657 747 intenderes.
678 715 738 747 Sed
753 715 836 746 vides
858 716 999 747 fortunas
1013 718 1142 754 nostras,
1163 716 1310 756 videsque
1321 726 1416 756 quam
1430 716 1541 747 humili

39 784 57 801 »
74 772 141 804 loco
161 773 275 813 dejecti
288 773 298 790 ⁴
323 783 438 804 sumus.
467 772 533 804 Hoc
553 775 644 812 pacto
665 773 790 812 poteris,
811 773 836 803 si
857 773 949 810 voles,
981 773 1037 804 tibi
1059 768 1209 813 nobisque
1231 773 1390 804 commodo
1411 783 1484 810 esse,
1505 784 1542 804 ac

43 842 60 857 >›
76 839 142 860 rem
163 829 349 861 familiarem
371 830 510 869 undique
530 830 659 869 erigere,
689 830 787 861 donec
808 831 961 861 maturior
980 834 1066 861 aetas
1087 830 1261 861 studiorum
1292 833 1418 862 tuorum
1438 841 1543 861 cumu-

43 886 153 918 »latos
173 885 285 918 afferat
305 887 434 918 fructus.
454 887 568 918 Tecum
589 887 685 927 igitur
705 887 815 926 cogita,
838 890 869 918 et
889 887 971 927 quod
986 888 996 903 ⁵
1025 887 1063 918 de
1084 890 1115 918 te
1137 887 1285 918 statueris
1304 888 1381 918 mihi
1402 888 1543 928 protinus

41 956 57 971 >›
74 943 192 974 reddes.
210 957 225 971 >›
248 962 286 966 —
302 944 432 982 Bonum,
453 947 488 975 ut
502 944 596 981 vides,
617 944 726 981 amice,
748 947 912 983 parentem
932 945 1060 975 sortitus
1076 942 1152 982 sum,
1175 944 1229 984 qui
1249 955 1310 975 non
1324 944 1487 982 violentus,
1508 948 1544 975 ut

41 1000 168 1038 caeteri,
188 1010 297 1041 cogere
317 1001 428 1038 tendit,
449 1001 503 1032 sed
524 1001 664 1041 placidus
685 1001 844 1041 gerundae
859 1002 868 1016 ¹³
890 1001 935 1031 rei
956 1001 1122 1032 arbitrium
1144 1001 1209 1038 dat,
1237 1002 1331 1041 inque
1358 1012 1454 1032 manu
1475 1012 1545 1032 mea

41 1057 137 1098 ponit.
159 1058 257 1089 Addit
277 1061 383 1089 tamen
397 1058 537 1089 efficacia
551 1059 657 1096 verba,
678 1068 759 1098 quae
774 1058 863 1089 facile
878 1058 974 1089 alium
993 1058 1131 1098 quemvis
1146 1062 1315 1096 moverent,
1337 1059 1386 1090 cui
1401 1069 1462 1090 non
1478 1062 1545 1090 tan-

40 1117 108 1145 tum
130 1125 223 1146 curae
237 1115 248 1131 ⁷
269 1115 365 1146 animi
384 1115 515 1147 libertas
538 1119 625 1147 esset.
648 1115 707 1147 Sed
727 1115 803 1155 quid
817 1115 828 1131 ⁸
848 1114 1073 1146 deliberatione
1095 1115 1161 1147 ulla
1185 1118 1242 1147 aut
1266 1116 1452 1156 cogitatione
1468 1125 1544 1156 opus

44 1174 114 1203 erat
143 1172 197 1212 qui
217 1172 293 1203 mihi
308 1173 319 1189 ⁹
336 1173 523 1213 jamdudum
545 1173 639 1204 aliter
669 1182 894 1213 persuaseram,
916 1172 1081 1212 animoque
1108 1173 1233 1213 penitus
1262 1173 1438 1210 infixeram,
1461 1173 1546 1204 omni

40 1229 166 1269 ingenio
189 1229 378 1267 enitendum,
401 1232 437 1260 ut
457 1230 539 1261 liber
559 1240 666 1267 essem,
687 1233 784 1270 utque
804 1240 844 1261 ne
859 1232 984 1270 paterer
1006 1240 1155 1269 unquam,
1177 1240 1226 1260 me
1239 1230 1370 1270 astringi
1391 1230 1544 1271 conjugio,

44 1286 104 1317 nisi
125 1289 225 1326 pater,
248 1287 333 1327 apud
360 1297 453 1327 quem
481 1288 540 1318 mei
564 1290 595 1319 et
627 1297 766 1318 mearum
787 1298 892 1319 rerum
910 1288 961 1327 jus
985 1291 1039 1324 cst,
1061 1298 1116 1319 suo
1133 1288 1221 1327 jussu
1247 1288 1441 1319 contrarium
1461 1298 1546 1327 eoge-

43 1344 114 1375 ret?
129 1344 149 1360 ¹⁰
170 1344 217 1375 Ne
237 1344 314 1384 quid
335 1348 441 1375 tamen
456 1345 642 1382 omitterem,
664 1345 745 1375 hanc
760 1345 1012 1385 disputationem,
1028 1355 1148 1376 mecum
1161 1346 1284 1385 saepius
1298 1348 1411 1382 actam,
1432 1346 1546 1376 iterum

40 1402 74 1431 in
88 1401 227 1432 animum
243 1402 262 1418 ¹¹
283 1401 410 1432 contuli.
432 1401 501 1439 Sed,
524 1402 666 1433 discussis
687 1402 760 1432 hinc
779 1402 851 1433 inde
873 1403 1056 1440 rationibus,
1078 1402 1157 1433 nihil
1177 1403 1265 1442 potui
1297 1402 1335 1433 de
1358 1402 1460 1442 priore
1482 1412 1548 1433 sen-

41 1459 142 1489 tentia
163 1461 294 1489 mutare.
316 1458 389 1489 Post
409 1459 550 1490 triduum
571 1459 667 1500 igitur
690 1459 729 1490 ab
751 1469 786 1489 eo
806 1458 984 1496 advocatus,
1005 1459 1266 1499 perquisitusque,
1289 1459 1364 1499 quid
1385 1459 1462 1489 mihi
1482 1469 1550 1490 con-

43 1514 104 1546 silii
124 1519 221 1547 esset:
246 1528 262 1544 «
278 1515 409 1556 Optime,
430 1516 568 1556 inquam,
583 1519 684 1556 pater,
705 1526 768 1547 non
788 1516 857 1547 ideo
873 1516 1013 1547 indultas
1033 1527 1051 1547 a
1073 1520 1104 1548 te
1127 1516 1202 1547 mihi
1217 1516 1355 1547 indutias
1376 1517 1491 1556 accepi,
1513 1519 1549 1546 ut

43 1584 61 1601 »
77 1573 296 1610 consultarem,
317 1583 358 1604 an
380 1573 536 1604 mandatis
557 1574 672 1605 votisve
694 1574 756 1604 tuis
776 1574 904 1613 obsequi
926 1573 1074 1605 deberem
1091 1574 1112 1590 ¹²
1136 1576 1271 1613 (certum
1293 1573 1376 1604 enim
1398 1576 1444 1604 est
1464 1573 1550 1611 mihi,

44 1642 61 1658 »
77 1632 242 1670 postquam
263 1630 304 1661 ad
323 1640 420 1661 annos
441 1630 634 1662 discretionis
655 1631 735 1668 veni,
757 1631 788 1661 id
803 1631 882 1662 velle
903 1631 985 1670 quod
1006 1634 1041 1661 tu
1057 1630 1141 1667 velis,
1163 1630 1308 1670 idemque
1324 1630 1406 1661 nolle
1423 1630 1454 1667 ¹³,
1475 1630 1551 1661 dum

44 1699 61 1716 >›
77 1687 172 1718 etiam
193 1687 286 1718 aliter
307 1687 384 1718 mihi
405 1690 571 1725 constaret,
593 1691 689 1728 atque
704 1688 791 1719 nullo
806 1688 826 1705 ¹⁴
848 1688 951 1719 animo
972 1691 1026 1719 tuo
1040 1688 1204 1719 dissentire
1221 1688 1266 1727 ¹³),
1288 1688 1343 1718 sed
1358 1690 1393 1718 ut
1408 1697 1552 1727 recogno-

46 1757 63 1773 »
79 1754 205 1782 scerem,
225 1745 251 1775 si
272 1755 335 1785 qua
355 1746 476 1776 ratione
496 1745 537 1776 ad
557 1746 590 1776 id
611 1745 694 1786 quod
715 1746 827 1776 suades
848 1756 887 1776 ex
906 1755 955 1776 me
977 1745 1122 1776 inclinari
1143 1755 1271 1785 possem.
1308 1744 1413 1776 Verba
1433 1745 1549 1776 etenim

45 1814 62 1831 >›
77 1804 134 1833 tua
165 1802 367 1842 ponderosius
397 1802 598 1840 consideravi,
620 1803 796 1843 omniaque,
817 1805 853 1833 ut
884 1804 972 1843 potui
992 1802 1116 1843 collegi,
1142 1812 1223 1842 quae
1254 1812 1410 1842 quemque
1431 1801 1472 1833 ad
1494 1802 1552 1833 hoc

44 1871 62 1887 <‹
75 1859 236 1899 impellere
255 1863 388 1899 possent.
411 1859 496 1899 Quae
518 1870 615 1900 quum
631 1860 735 1891 animo
755 1862 868 1891 cuncta
881 1860 1035 1900 pervolvo,
1052 1859 1140 1890 nulla
1151 1859 1214 1890 alia
1228 1859 1349 1890 ratione
1364 1859 1471 1890 induci
1484 1869 1549 1899 pos-

45 1929 62 1945 »
78 1926 156 1954 sum,
178 1927 273 1957 quam
287 1919 332 1954 ut,
347 1920 379 1948 te
397 1917 529 1958 jubente
549 1917 681 1948 nimium
701 1917 777 1949 mihi
793 1918 900 1958 gravia
920 1917 1116 1949 incommoda
1127 1920 1183 1948 tua
1196 1916 1316 1948 tollam.
1337 1916 1427 1947 Hanc
1443 1917 1467 1946 si
1482 1916 1555 1947 vali-

45 1986 63 2002 »
78 1973 152 2005 dam
172 1984 237 2005 esse
258 1974 343 2011 velis,
364 1984 425 2006 non
446 1984 562 2011 recuso,
584 1974 747 2005 durissimo
762 1975 784 1991 ¹⁶
804 1975 881 2005 mihi
898 1975 974 2015 jugo
995 1974 1107 2006 collum
1130 1974 1282 2015 subijcere
1299 1975 1328 2004 ¹⁷.
1350 1973 1553 2004 Ineommodis

49 2043 66 2059 »
81 2031 235 2071 siquidem
269 2032 331 2062 tuis
352 2031 524 2071 compatior
551 2034 706 2071 quantum
726 2031 825 2069 decet,
855 2042 936 2072 quae
958 2031 1068 2069 libens,
1100 2032 1166 2062 sine
1187 2031 1248 2062 alio
1269 2034 1370 2071 paeto,
1399 2030 1465 2060 sine
1486 2040 1554 2066 meo

47 2100 64 2117 »
81 2091 170 2120 tanto
201 2088 349 2128 periculo,
381 2088 419 2119 de
443 2088 545 2120 medio
564 2088 717 2120 tollerem.
749 2088 809 2120 Sed
829 2099 900 2120 mea
932 2089 1024 2119 facile
1044 2091 1144 2128 porto,
1175 2089 1229 2128 qui
1249 2089 1310 2119 scio
1336 2087 1414 2118 nihil
1435 2087 1554 2118 homini

44 2157 62 2174 »
79 2145 244 2177 molestum
264 2155 329 2178 esse
349 2145 408 2177 nisi
423 2145 506 2186 quod
526 2146 591 2186 ipse
605 2145 681 2177 velit
695 2146 716 2163 ¹⁸
736 2146 853 2186 quique
863 2146 886 2163 ⁷⁶
900 2146 1003 2185 timeo,
1015 2156 1064 2183 ne,
1076 2146 1151 2176 dum
1167 2145 1344 2186 hujusmodi
1362 2144 1558 2175 incommoda

55 2222 62 2239 ¹
85 2220 162 2248 Ram.
183 2221 284 2249 deceat.
304 2221 359 2249 PP.
379 2221 510 2249 dedecent
818 2222 841 2239 ⁴⁰
859 2221 912 2249 Nei
931 2221 1019 2249 codici
1037 2229 1135 2249 manca
1153 2221 1171 2249 Γ
1181 2219 1390 2255 interrogativo.

54 2266 66 2283 Ξ
83 2265 136 2293 Nei
155 2265 243 2294 codici
261 2265 302 2293 in.
321 2265 431 2293 Coll'in
455 2265 651 2301 bisognerebbe
668 2265 779 2301 leggere
820 2268 840 2284 ¹¹
860 2266 913 2294 Nei
933 2265 1019 2293 codici
1039 2266 1070 2293 in
1083 2266 1179 2293 (mimo

76 2309 109 2337 in
121 2310 196 2338 laune
208 2311 340 2338 animum
351 2318 445 2338 meum
463 2317 485 2338 e.
825 2312 847 2329 ¹²
866 2310 918 2338 Nei
936 2309 1024 2338 codici
1042 2311 1128 2344 punto
1147 2309 1218 2344 (lopo
1237 2309 1372 2336 deberem.

53 2354 65 2373 ³
83 2354 139 2389 Br.‚
157 2354 217 2382 PM.
237 2362 251 2382 e
270 2355 324 2383 PP.
336 2355 487 2389 placerent
821 2356 843 2373 ¹³
861 2355 914 2382 Nel
928 2355 1005 2382 Ram.
1024 2356 1110 2389 punto
1129 2354 1200 2388 dopo
1220 2353 1304 2381 nolle.

54 2399 66 2416 ‘¹
85 2398 148 2427 Cosi
165 2399 244 2428 Ram.
262 2399 307 2426 Gli
327 2399 392 2427 altri
410 2398 498 2427 codici
516 2398 626 2432 detento
824 2400 844 2417 ¹⁴
864 2399 927 2427 Cosi
947 2399 1023 2426 Ram.
1043 2398 1088 2425 Gli
1107 2398 1172 2425 altri
1191 2397 1278 2425 codici
1296 2395 1423 2425 Ὶ111111(Πο

55 2444 67 2463 ⁵
84 2443 160 2472 Ram.
180 2452 194 2472 e
213 2444 273 2472 PM.
292 2444 362 2479 quid
817 2445 839 2461 ¹5
858 2443 911 2470 Nel
924 2443 1001 2470 Ram.
1021 2444 1108 2477 punto
1128 2442 1197 2476 dopo
1216 2441 1374 2470 dissentire.

57 2488 69 2507 θ
87 2488 147 2517 ΡΜ.
164 2488 305 2523 gerendae
820 2489 842 2506 ¹⁶
861 2488 915 2516 Nei
933 2486 1021 2516 codici
1039 2486 1226 2514 durissimum

54 2534 67 2551 ⁷
85 2533 149 2561 Cosi
169 2532 246 2561 Ram.
266 2531 310 2560 Gli
329 2532 404 2568 altri,
423 2533 633 2562 correttamente
651 2532 695 2560 del
713 2531 782 2567 pari,
828 2533 849 2549 ¹⁷
868 2530 924 2559 PP.
943 2531 1040 2559 subire

81 2585 153 2606 eura
823 2577 846 2594 ¹⁸
865 2576 922 2603 PP.
940 2574 1024 2603 vellet

57 2622 68 2640 ⁸
89 2621 143 2650 PP.
162 2622 238 2657 quod
820 2619 844 2639 ¹⁸3
863 2619 922 2647 PM.
943 2627 1071 2654 quaeque

54 2668 67 2685 ⁹
85 2667 148 2695 erat
165 2665 226 2701 scil,
245 2666 324 2695 milei.
343 2667 401 2695 PP.
419 2668 490 2696 erat.
511 2665 567 2702 Qui
