1845 3076
752 158 889 181 Emsrotn
1516 152 1572 182 103

750 332 887 364 LXXVI.

188 432 491 465 FRANCISCO
524 432 749 465 JUNIORI
783 434 847 464 DE
883 434 1160 466 CARRARIA
1193 434 1445 467 PRINCIPI

777 508 806 540 S.
826 508 854 539 d.

285 582 352 618 (Br.
365 591 397 618 p.
417 583 477 616 7&
499 598 530 603 —-
550 583 633 611 Ram.
647 592 680 618 2).
698 583 760 617 22,·
780 599 811 602 —
832 583 903 612 PM.
922 592 944 612 e.
966 584 1020 611 135
1035 586 1071 617 t.;
1093 599 1122 604 -
1143 584 1206 612 PP.
1226 593 1254 612 n.
1273 585 1349 620 131.)

144 671 152 687 ¹
169 670 272 701 Multa
292 670 369 700 mihi
385 670 482 701 verba
496 670 639 701 facienda
660 672 762 701 essent
786 680 842 710 pro
862 670 1062 710 impetranda
1090 671 1190 708 venia,
1221 671 1381 703 mitissime
1411 673 1564 713 princeps

60 727 122 758 nisi
142 730 173 758 te
194 730 226 758 et
245 730 362 758 natura
383 730 415 757 et
441 727 588 765 moribus,
615 729 650 758 ut
672 737 710 758 ex
731 728 900 767 praeclaris
928 727 1117 759 facinoribus
1143 728 1206 758 tuis
1237 731 1430 768 compertum
1458 730 1566 767 habeo,

61 784 247 816 clementem
267 787 528 824 mansuetumque
549 795 770 824 cognoscerem.
793 785 906 816 Omnes
920 786 1002 815 enim
1020 787 1145 816 orantes
1166 789 1241 816 tunc
1257 785 1362 816 valida
1383 791 1569 826 argumenta

62 841 282 881 conquisivisse
295 850 327 872 se
341 844 466 880 putant,
488 852 586 881 quum
597 842 607 858 2
628 841 724 881 ipsius
741 841 856 882 judicis
871 844 929 872 aut
942 842 1075 873 aliorum
1091 842 1145 882 qui
1155 842 1166 859 ³
1188 842 1227 873 de
1239 842 1332 873 simili
1350 853 1384 873 re
1397 844 1569 875 sententias

61 909 118 939 pro
131 908 164 929 se
178 898 306 935 habent,
328 908 419 929 aures
440 898 629 938 pellexerint
643 898 663 929 ⁴.
684 898 748 939 Ego
769 899 897 938 quidem
917 899 1017 930 multa
1031 901 1062 930 et
1082 899 1215 939 insignia
1229 899 1366 930 aliorum
1387 900 1566 940 principum

22 963 24 965 '
62 955 265 996 benignitatis
286 955 430 995 exempla
449 955 597 986 inducere
617 965 747 996 possem,
776 966 856 995 quae
876 966 1077 987 renumerare
1103 959 1281 987 tentantem
1311 956 1378 988 dies
1398 957 1505 997 visque
1526 957 1568 989 lo-

60 1012 178 1053 quendi
192 1012 341 1044 deficeret
352 1013 371 1044 ⁵.
393 1012 453 1044 Sed
468 1013 568 1044 multa
580 1012 689 1052 utique
704 1013 834 1053 majora,
849 1013 937 1044 nulla
950 1014 1049 1053 magis
1062 1013 1264 1045 memoranda
1275 1014 1294 1051 ⁶,
1308 1023 1340 1044 se
1355 1024 1386 1045 se
1396 1014 1407 1030 ⁷
1424 1013 1570 1052 offerunt,

61 1080 158 1110 quam
179 1080 261 1110 quae
281 1073 317 1101 tu
339 1080 377 1101 ex
397 1070 666 1102 abundantissima
690 1069 856 1101 clementia
875 1070 1041 1110 perfecisti.
1070 1070 1239 1102 Indulxisti
1266 1071 1419 1111 siquidem
1446 1072 1569 1103 veniam

60 1126 109 1158 his
130 1127 185 1167 qui
204 1127 373 1158 clarissimo
393 1127 527 1167 genitori
541 1130 596 1158 tuo
609 1127 736 1158 insidias
757 1127 856 1158 moliti
870 1129 951 1165 sunt,
967 1138 1061 1167 quem
1073 1128 1193 1159 nefarie
1212 1128 1345 1168 perdere
1358 1128 1378 1165 ⁸,
1400 1131 1431 1159 et
1445 1138 1570 1160 omnem

65 1184 212 1225 prorsus⁹
233 1185 298 1225 ejus
318 1184 438 1224 prolem
453 1194 472 1215 a
486 1184 583 1224 stirpe
595 1184 625 1221 ¹⁰,
643 1184 757 1224 jusque
777 1184 959 1215 dominandi
980 1185 1019 1216 de
1040 1184 1141 1216 medio
1153 1186 1173 1202 ¹¹
1195 1185 1306 1216 tollere
1326 1186 1565 1216 constituerunt.

60 1241 232 1282 Pepercisti
247 1242 268 1259 ¹²
296 1244 328 1273 et
357 1242 405 1272 his
425 1241 479 1281 qui
507 1244 548 1278 te,
576 1244 735 1272 auctorem
762 1241 872 1273 salutis
897 1244 1031 1279 nostrae,
1062 1242 1325 1282 imperiosumque
1352 1247 1447 1282 caput
1475 1246 1567 1274 tuum

56 1308 180 1330 summa
199 1298 333 1338 perfidia
353 1299 485 1330 obruere
505 1301 720 1329 tentaverunt.
741 1298 778 1328 In
799 1298 909 1329 alienis
935 1299 1057 1339 injuriis
1077 1299 1275 1330 severitatem
1298 1299 1402 1331 valere
1432 1299 1566 1336 voluisti,

57 1355 91 1387 in
105 1356 168 1386 tuis
181 1359 287 1387 autem
301 1356 398 1387 solam
411 1355 617 1387 clementiam.
638 1355 668 1385 N
670 1355 831 1395 ullumque
852 1366 991 1395 unquam
1009 1361 1075 1387 tam
1089 1359 1180 1387 atrox
1200 1359 1328 1396 tamque
1348 1356 1565 1388 truculentum

57 1412 145 1444 nefas
166 1415 275 1444 contra
296 1415 328 1443 te
349 1415 533 1453 conceptum
554 1415 601 1443 est
621 1412 705 1452 quod
726 1412 966 1444 mansuetudine
986 1416 1044 1443 tua
1057 1423 1119 1444 non
1139 1413 1287 1444 vinceres.
1307 1413 1347 1444 Et
1364 1414 1390 1444 si
1411 1414 1488 1453 quid
1501 1424 1564 1445 am-

58 1470 142 1510 plius
162 1470 336 1501 severitatis
351 1470 384 1500 in
398 1469 457 1501 hac
471 1479 552 1501 nova
565 1469 742 1509 receptione
757 1469 894 1507 dominii,
910 1479 1005 1510 quam
1019 1473 1083 1501 tam
1097 1470 1197 1508 avide,
1212 1473 1247 1501 ut
1267 1470 1402 1502 salutem
1417 1471 1501 1501 coelo
1517 1471 1567 1502 de-

52 1527 182 1566 missam
193 1527 226 1564 ¹³,
243 1527 311 1567 jam
324 1527 460 1558 universi
473 1527 615 1565 vidimus,
630 1529 737 1558 actum
751 1529 807 1564 est,
820 1526 853 1557 id
868 1537 930 1558 non
943 1529 1000 1558 tua
1014 1530 1123 1566 sponte
1137 1537 1239 1567 neque
1254 1538 1292 1558 ex
1305 1530 1362 1559 tua
1375 1527 1565 1559 conscientia

54 1584 236 1624 processisse
256 1584 399 1616 omnibus
419 1587 541 1615 certum
555 1586 609 1615 est.
632 1583 830 1623 Quapropter
849 1584 991 1615 innatam
1006 1584 1065 1616 tibi
1086 1584 1293 1622 clementiam,
1315 1595 1397 1625 quae
1412 1585 1508 1616 etiam
1522 1585 1563 1616 ad

57 1641 193 1681 perfidos
208 1644 240 1672 et
260 1641 433 1682 parricidas
453 1641 559 1682 attigit
570 1642 601 1679 ¹⁴,
623 1641 720 1672 redde
737 1642 803 1672 viro
817 1641 900 1679 forti,
921 1643 952 1672 et
967 1641 1063 1679 fideli,
1084 1642 1262 1682 insontique
1276 1642 1357 1682 proli
1378 1642 1444 1683 ejus
1456 1643 1487 1679 ¹⁵,
1509 1652 1566 1673 nec

55 1699 123 1739 pati
142 1698 226 1738 velis,
253 1701 291 1730 ut
310 1699 410 1730 benae
431 1699 562 1730 meritae
589 1698 715 1730 virtutis
741 1698 883 1739 praemia
908 1698 1042 1739 perfidia
1062 1701 1200 1739 occupet.
1233 1698 1440 1737 Cermisonus,
1466 1709 1561 1739 quem

55 1755 192 1788 libenter
210 1757 425 1796 praeterirem,
438 1766 478 1787 ne
492 1755 641 1787 invidiam
655 1756 719 1787 suis
737 1755 856 1787 faceret
868 1756 899 1794 ¹⁶,
918 1756 978 1787 nisi
992 1756 1111 1795 scirem,
1127 1756 1193 1797 ejus
1207 1756 1360 1788 beneficia
1372 1756 1460 1787 nullo
1474 1760 1566 1797 pacto

56 1813 95 1844 de
108 1815 213 1845 mente
234 1815 290 1844 tua
305 1813 404 1845 deleri
422 1823 522 1854 posse,
544 1813 617 1845 exul
635 1823 655 1844 a
675 1813 788 1853 patria,
810 1815 842 1844 et
862 1813 995 1844 caeteris
1015 1814 1111 1845 rebus
1131 1814 1220 1854 inops
1242 1814 1303 1844 huc
1323 1814 1417 1845 venit.
1439 1814 1519 1844 Eum
1532 1814 1563 1851 ¹⁷,

54 1870 194 1902 nondum
210 1871 232 1888 ¹⁸
251 1871 328 1903 satis
349 1874 468 1908 notum,
488 1870 623 1911 optimus
643 1871 781 1902 omnium
802 1871 942 1911 cognitor
961 1874 1053 1911 pater
1072 1874 1145 1902 tuus
1159 1871 1223 1902 suis
1245 1871 1408 1911 stipendiis
1429 1871 1563 1903 adscribi

50 1928 154 1969 jussit,
169 1931 391 1969 compertaque
405 1929 532 1966 virtute,
548 1938 631 1968 quae
650 1928 684 1959 in
697 1938 732 1959 eo
748 1927 885 1968 plurima
898 1930 944 1959 est
956 1929 987 1968 ¹⁹,
1009 1928 1071 1959 suis
1084 1928 1237 1960 militibus
1258 1928 1419 1968 praefecit.
1433 1928 1563 1960 Duobus

66 2059 73 2076 ⁴
95 2059 172 2088 Ram.
197 2058 233 2087 P.
252 2058 287 2087 P.
312 2058 343 2087 V.
362 2058 440 2087 Just.
460 2067 517 2093 pro
544 2058 702 2091 fortissimo
727 2058 789 2085 viro
828 2058 849 2076 ¹0
868 2058 1348 2094 Ram.prolenzasti1pe;ghaltria
1358 2058 1565 2094 stirpes->rorem

90 2102 260 2131 Carmisono
268 2103 408 2138 patavino
421 2102 459 2130 acl
472 2102 612 2130 illustrem
624 2102 789 2138 principem
826 2104 845 2120 ¹¹
868 2103 945 2132 Ram.
965 2111 1046 2131 senza
1065 2103 1099 2130 (le
1117 2103 1208 2130 medio

87 2147 277 2176 Franciscmn
290 2146 315 2175 J
316 2146 444 2174 umorem
461 2146 494 2174 (le
510 2146 652 2175 Carraria
669 2148 734 2174 aeta
754 2146 796 2179 fe·
831 2147 854 2165 ¹2
872 2147 918 2175 ΒΥ.
937 2147 1104 2182 perpecisti3
1122 2148 1178 2175 PP.
1190 2147 1349 2183 percepisti,
1362 2155 1376 2175 e
1389 2150 1470 2176 nota:
1488 2161 1497 2171 ιι
1513 2156 1565 2175 me-

88 2191 180 2220 liciter
199 2191 300 2219 oratio.
319 2207 354 2210 —
371 2191 432 2220 PM.
452 2191 533 2219 nota:
557 2203 567 2214 «
588 2190 623 2218 In
641 2190 790 2226 antiquiori
862 2191 918 2219 lius
931 2191 1085 2226 pepercisti
1101 2204 1110 2215 n

87 2237 198 2264 tantum
216 2235 308 2264 codice
326 2235 445 2270 epistola
462 2235 529 2263 haec
546 2234 650 2272 legitur
666 2247 676 2258 n
828 2236 849 2254 ¹³
868 2236 924 2264 PP.
944 2236 1042 2263 (latam

67 2281 79 2299 ²
97 2280 173 2309 Ram.
193 2289 313 2316 quorum
333 2288 381 2315 per
399 2288 490 2314 quum
827 2280 850 2299 ¹4
869 2280 1020 2315 Attinyere
1043 2280 1082 2308 acl
1106 2279 1237 2314 aliquam
1260 2289 1329 2314 rem,
1347 2289 1412 2308 aver
1430 2280 1565 2308 relaziom

65 2325 76 2343 ³
94 2324 170 2353 Ram.
190 2324 257 2359 qui3
276 2323 318 2359 gli
337 2324 402 2351 altri
421 2331 504 2351 senza
863 2333 915 2353 con
934 2325 1034 2353 alcuna
1047 2332 1128 2359 cosa3
1147 2324 1207 2353 PM.
1222 2325 1356 2360 atti22yit3
1375 2324 1430 2353 PP.
1445 2324 1502 2352 dice
1517 2324 1565 2353 che

65 2368 77 2387 ⁴
95 2368 191 2396 Aures
204 2367 378 2403 pellexerint
395 2367 439 2395 nel
457 2367 517 2395 solo
536 2367 613 2395 Ram.
863 2369 933 2404 dopo
952 2369 1047 2404 attigyit
1065 2376 1163 2396 manca
1182 2368 1298 2403 qualche
1317 2377 1379 2397 cosa

65 2413 75 2432 ⁵
94 2412 224 2447 Deficere
240 2420 324 2448 reg-ge
342 2411 526 2440 l'accusativo
544 2412 589 2439 nel
607 2419 687 2440 senso
700 2411 728 2440 di
742 2412 788 2440 ab·
827 2415 849 2433 ¹5
868 2414 924 2442 Pr.
935 2413 1021 2441 anche
1032 2413 1101 2448 dopo
1114 2413 1177 2448 ejus
1190 2413 1322 2441 vorrebbe
1335 2421 1475 2441 mancasse
1489 2413 1564 2449 qual-

89 2457 268 2492 bandonare;
287 2455 384 2485 Ovidio
402 2455 445 2484 sol
461 2455 556 2490 deficit
573 2456 668 2484 orbem
862 2458 912 2485 che
930 2457 1025 2492 pai-ola

65 2501 77 2521 ⁶
96 2501 173 2530 Ram.
191 2508 345 2529 numerare
827 2502 850 2522 ¹⁶
868 2502 929 2530 PM.
951 2501 1045 2534 faeere

65 2545 76 2565 ⁷
94 2545 170 2574 Ram.
190 2553 220 2573 se
236 2553 282 2581 3⁰3
301 2544 342 2581 gli
359 2544 425 2573 altri
443 2552 472 2572 se
829 2546 850 2564 ⁴⁷
870 2546 924 2574 PP.
949 2545 1022 2573 Cum

67 2589 78 2609 8
97 2589 153 2618 PP.
166 2589 308 2624 prodere3
327 2588 368 2624 gli
388 2588 453 2617 altri
469 2588 556 2624 pclere
828 2590 850 2608 ¹⁸
871 2591 916 2618 ΒΥ.
935 2590 996 2618 PM.
1016 2589 1150 2617 nundum

60 2633 78 2653 *⁹
94 2633 174 2663 Ram.
194 2633 254 2661 solo
272 2633 308 2661 ha
320 2640 445 2668 prorsus
828 2634 851 2653 ¹⁹
870 2633 946 2663 Ram.
967 2635 1041 2669 cosi,
1060 2633 1100 2669 gli
1119 2633 1184 2662 altri
1197 2633 1330 2670 plurima
1348 2634 1380 2663 in
1399 2642 1429 2663 eo
