1845 3076
812 165 950 189 EPISTOLE
1585 160 1642 191 195

807 276 958 308 CXXVII.

548 350 701 391 UGONI
738 351 1096 384 FERRARIENSI¹
1134 352 1161 384 S.
1198 354 1233 384 D.

616 434 801 458 Jusrmopom
822 435 861 457 xi.
885 435 951 458 KAL.
974 435 1041 458 AUG.
1066 428 1150 459 1403.

415 501 483 537 (Br.
497 511 528 537 p.
547 503 575 530 8.
595 503 632 530 t.:
653 518 684 522 —
709 502 743 530 (τ’.
764 503 822 536 76,·
844 519 874 522 —
895 502 968 530 PM.
987 512 1010 532 c.
1031 504 1089 533 69.-
1111 520 1141 523 —
1164 504 1226 531 PP.
1247 514 1274 532 n.
1295 506 1355 541 76).

209 573 377 610 Usitatum,
399 575 436 603 ut
454 572 544 604 video
566 582 683 604 morem
704 576 804 610 tuum,
827 573 874 603 vir
894 574 1028 614 egregie,
1051 584 1113 605 non
1133 574 1260 612 omittis,
1281 585 1342 616 quo
1354 577 1364 592 ²
1381 579 1414 607 te
1427 579 1491 608 tam
1509 577 1634 609 tardum

127 633 258 672 tamque
279 630 435 662 difficilem
455 631 487 661 in
508 630 671 662 scribendo
693 630 828 662 exhibes.
852 631 1085 663 Existimastine
1102 633 1145 663 sic
1157 633 1270 663 litteris
1287 634 1349 664 tuis
1364 634 1509 673 praetium
1526 635 1639 673 facere,

127 691 174 726 ut,
195 691 313 728 quanto
341 687 474 719 rariores
502 687 630 725 fuerint,
658 690 748 718 tanto
775 697 827 719 eas
854 688 975 719 avidius
1000 690 1216 720 assumamus?
1242 690 1301 721 Sed
1323 691 1379 721 hoc
1401 701 1479 731 opus
1500 702 1561 722 11011
1581 696 1638 724 est.

128 745 209 786 Ipsae
236 745 318 777 enim
338 745 407 783 sibi,
429 744 583 785 dignitate
594 745 605 761 ³
622 754 689 782 sua,
704 745 850 784 praetium
867 746 995 783 faciunt,
1010 749 1042 777 et
1056 749 1101 783 tu,
1119 747 1340 787 quodcumque
1354 749 1522 788 scripseris,
1536 749 1639 787 crede,

128 812 179 834 me
201 804 251 843 (ut
271 803 310 834 de
331 813 380 834 me
401 803 528 844 loquar)
549 802 723 843 gratissime
745 806 952 842 recepturum.
975 803 1165 835 Arbitrabar
1185 807 1291 835 tamen
1318 816 1383 845 ego,
1405 809 1445 842 te,
1467 809 1637 847 utcumque

126 870 176 892 res
196 863 286 898 esset,
308 860 510 891 multitudine
531 860 696 891 literarum
716 870 824 900 cogere
836 861 845 877 ⁴
868 870 965 900 posse,
981 863 1026 898 ut,
1041 862 1067 891 si
1087 872 1149 892 non
1163 861 1284 899 solatio,
1300 863 1411 894 saltem
1428 863 1552 895 fastidio
1567 865 1638 895 scri-

127 918 225 949 beres.
249 917 336 956 Quod
363 918 490 958 quidem
518 917 598 948 nihil
625 918 730 949 adhue
756 918 920 958 profecisse
947 918 1055 956 videm
1076 929 1177 959 neque
1205 920 1419 959 profecturum
1447 920 1548 951 credo.
1571 920 1638 952 Scio

127 975 210 1006 enim
231 977 356 1006 tantum
379 978 411 1006 te
432 977 537 1006 tacere
558 985 655 1015 posse,
677 979 832 1015 quantum
854 986 909 1016 ego
931 976 1025 1016 loqui.
1047 975 1128 1007 Satis
1148 977 1277 1016 posthac
1299 977 1359 1008 erit
1378 978 1453 1007 mihi
1468 978 1637 1009 sanitatem

126 1035 216 1064 tuam
237 1034 270 1063 et
289 1035 407 1063 statum
429 1032 469 1064 ab
491 1032 605 1073 aliquo,
626 1033 681 1072 qui
702 1036 734 1064 te
755 1033 877 1070 viderit,
900 1033 946 1064 vel
968 1033 1102 1071 nolente,
1123 1043 1315 1073 cognoscere.
1331 1034 1395 1074 Ego
1413 1034 1473 1066 tibi
1487 1045 1591 1066 meum
1606 1038 1638 1066 et

126 1100 199 1122 voce
221 1093 253 1121 et
273 1091 423 1130 scriptum
444 1090 588 1121 narrabo.
610 1090 786 1121 Arbitrium
808 1091 984 1122 scribendi⁵
1005 1101 1101 1131 penes
1126 1094 1157 1122 te
1186 1094 1241 1122 est.
1264 1091 1355 1123 Nonss
1375 1092 1526 1123 invitatus
1554 1093 1634 1124 sorte

126 1147 222 1179 facies
242 1148 325 1188 quod
347 1149 497 1179 invitatus
518 1158 598 1188 saepe
619 1148 722 1179 facere
743 1148 869 1179 noluisti
878 1149 899 1179 5.
922 1148 968 1179 De
990 1149 1098 1188 petitis
1118 1149 1257 1186 lecturis,
1279 1151 1315 1179 ut
1335 1149 1437 1186 credo,
1460 1150 1540 1180 nosti
1554 1150 1638 1189 quod

125 1205 273 1246 magister
284 1205 538 1237 Aldovrandinus
549 1215 637 1236 suam
653 1205 799 1244 obtinuit,
817 1216 872 1246 ego
887 1205 1026 1246 logicam.
1040 1206 1192 1246 Magister
1205 1206 1225 1237 J
1228 1207 1343 1238 acobus
1360 1210 1430 1238 voto
1443 1218 1499 1238 suo
1513 1207 1639 1238 delusus

124 1265 179 1294 est.
201 1262 248 1294 De
269 1273 330 1303 quo
351 1273 413 1294 non
434 1273 546 1302 parum
567 1262 660 1294 dolui.
682 1262 741 1294 Sed
764 1263 863 1303 quid?
885 1262 954 1293 Nou
978 1266 1108 1303 possunt
1129 1264 1233 1294 omnia
1260 1264 1299 1295 ad
1322 1267 1434 1295 nutum
1462 1264 1636 1296 succedere.

125 1319 232 1358 Valeo,
253 1323 285 1351 et
307 1323 342 1351 tu
363 1320 441 1351 vale.
464 1320 580 1360 Spero.
598 1346 604 1351 .
620 1346 626 1351 .
642 1346 648 1351 .
665 1320 703 1351 (10
725 1331 781 1360 pro
797 1347 801 1351 .
818 1347 824 1352 .
843 1347 847 1351 .
865 1347 870 1352 .
888 1331 937 1352 me
958 1320 1083 1352 videbis.
1108 1321 1226 1352 Iterum
1248 1321 1326 1358 vale,
1347 1325 1379 1352 et
1399 1322 1503 1361 pat-ri.
1523 1348 1527 1352 .
1545 1348 1550 1353 .
1565 1348 1570 1353 .
1588 1332 1637 1353 me

124 1374 350 1409 recommenda.

794 1556 959 1588 CXXVIII.

772 1641 794 1662 s.
827 1632 855 1662 d.
887 1641 912 1662 e.
946 1632 964 1662 i.
981 1632 991 1648 ⁸

352 1706 416 1742 (ΒΓ.
432 1715 461 1742 p.
482 1707 537 1741 483
557 1723 587 1726 —
609 1708 693 1736 Ram.
708 1716 739 1742 p.
758 1708 796 1735 45
817 1709 854 1741 t.;
875 1723 906 1726 -—
928 1707 999 1736 PM.
1019 1716 1041 1735 e.
1061 1708 1134 1743 1123
1155 1724 1185 1727 -
1208 1707 1270 1735 PP.
1291 1718 1318 1735 ιι.
1340 1708 1415 1744 109).

204 1777 329 1815 Vereor,
350 1788 390 1809 ne
411 1788 523 1818 parum
544 1778 683 1809 amicitia
702 1778 814 1819 dignus
842 1778 958 1815 videar,
983 1778 1047 1818 qui,
1075 1788 1172 1818 quum
1200 1778 1245 1809 ita
1273 1788 1322 1809 me
1350 1779 1574 1816 constituerim,
1597 1781 1634 1810 ut

120 1837 191 1876 post
211 1835 373 1874 virtutem,
393 1846 457 1875 qua
477 1835 557 1866 nihil
578 1836 701 1866 evenire
722 1836 840 1867 homini
860 1836 1061 1876 praestantius
1083 1839 1196 1876 potest,
1218 1838 1276 1867 1100
1297 1837 1489 1876 praecipuum
1514 1847 1631 1868 munus

119 1895 194 1924 ante
214 1892 319 1923 omnia
342 1892 485 1930 colerem,
511 1903 573 1924 non
593 1893 690 1924 satis⁹
711 1895 866 1933 quantum
887 1892 977 1924 decet
1000 1896 1127 1925 strenue
1147 1892 1281 1924 officium
1302 1894 1335 1924 in
1357 1904 1393 1925 eo
1414 1894 1568 1934 gesserim.
1592 1893 1633 1924 In

116 1959 182 1990 qua
206 1959 240 1980 re
266 1952 298 1981 et
322 1949 442 1990 deliqui
467 1950 614 1990 graviter,
634 1953 667 1981 et
693 1960 755 1981 non
776 1950 945 1982 dissimulo.
966 1950 1171 1981 Infelicissimi
1198 1951 1282 1981 enim
1308 1951 1425 1991 ingenii
1453 1951 1578 1982 videtur
1600 1954 1633 1982 et

119 2007 186 2048 ejus
200 2007 233 2038 in
247 2017 309 2047 quo
330 2007 420 2038 nulla
434 2007 473 2038 sit
486 2017 556 2047 spes
569 2007 725 2045 habenda,
747 2018 845 2048 quum
860 2008 892 2038 in
908 2018 945 2039 ea
959 2018 993 2039 re
1006 2007 1077 2047 plus
1089 2008 1111 2025 ¹⁰
1131 2011 1223 2046 erret,
1244 2009 1277 2039 in
1291 2019 1356 2049 qua
1369 2009 1476 2040 studet
1496 2010 1598 2040 minus
1611 2011 1631 2027 ¹¹

116 2074 232 2096 errare.
258 2064 341 2103 Quid
363 2065 446 2095 enim
466 2065 499 2095 in
520 2065 641 2096 caeteris
661 2065 766 2102 faciet,
786 2067 811 2096 si
832 2065 1028 2106 negligenter
1048 2065 1081 2096 id
1101 2069 1183 2106 aget,
1205 2066 1289 2106 quod
1310 2067 1446 2097 maxime
1467 2067 1526 2098 sibi
1546 2076 1631 2098 curae

115 2121 188 2153 est?
210 2121 274 2162 Ego
302 2132 384 2159 vero,
412 2125 578 2162 postquam
599 2122 755 2163 ingressus
776 2133 855 2161 sum,
877 2126 913 2154 ut
934 2123 1057 2164 vulgari
1078 2123 1238 2162 vocabulo,
1259 2124 1452 2164 minimeque
1477 2124 1554 2154 1111111
1577 2124 1629 2156 de·

115 2177 193 2216 bito,
218 2179 354 2210 amicum
386 2179 530 2217 dicerem,
552 2180 598 2211 ita
624 2189 808 2220 prosequar,
829 2183 875 2218 ut,
898 2180 956 2211 hae
982 2180 1168 2218 orationem,
1194 2183 1347 2221 perpetuo
1368 2184 1399 2212 te
1420 2181 1478 2212 1100
1505 2181 1629 2213 1101111110

128 2273 135 2289 ¹
155 2272 187 2300 G.
206 2272 356 2301 Praeclaro
375 2273 437 2300 viro
460 2273 575 2300 domino
606 2272 700 2308 Uyom'
721 2273 755 2300 de
779 2273 854 2301 Fer-
903 2275 912 2291 ⁷
932 2274 993 2301 Cosi
1016 2274 1047 2301 G.
1068 2274 1110 2301 Gli
1132 2274 1197 2301 altri
1224 2275 1368 2303 omettono.
1389 2274 1412 2301 E
1438 2274 1557 2302 terminu
1582 2282 1632 2302 con

147 2317 232 2345 ‘raria
256 2317 364 2344 artium
390 2316 500 2345 doctori
524 2318 690 2353 oratorique
707 2320 857 2352 prcestan-
930 2319 989 2346 cale
1007 2318 1064 2353 qui.
1084 2318 1110 2345 ll
1129 2325 1201 2346 resto
1220 2318 1266 2346 dal
1285 2321 1316 2345 G.

149 2361 258 2389 tissime
903 2364 914 2380 ⁸
932 2363 984 2390 Nel
1010 2364 1088 2391 Ram.
1113 2364 1230 2399 segnato
1255 2362 1360 2390 d'altra
1389 2371 1468 2390 mano
1495 2363 1631 2398 (Bm-etta)

123 2406 135 2424 ²
155 2405 209 2435 PP.
228 2406 306 2440 quia.
326 2406 357 2434 G.
377 2414 442 2441 quo.
463 2406 537 2434 Altri
555 2406 633 2441 quod
925 2408 1084 2436 Francisco
1104 2407 1263 2436 Zabarellce

125 2450 137 2467 ⁸
156 2449 188 2478 G.
207 2458 262 2477 sua
280 2449 420 2486 diymtate
901 2454 913 2470 ⁹
931 2452 1008 2480 Ram.
1028 2452 1099 2480 Non
1117 2453 1189 2480 satis

125 2495 137 2512 ⁴
159 2493 334 2530 Ooqnoscere
353 2496 414 2530 (per
431 2496 657 2531 sperimentare).
679 2496 712 2523 In
738 2496 856 2531 qualche
893 2498 914 2514 ¹⁰
932 2497 985 2524 Nei
1004 2497 1092 2525 codici
1112 2497 1260 2532 republica

147 2539 247 2573 codice,
265 2547 338 2567 come
358 2540 403 2568 nel
425 2541 457 2569 G.
475 2548 574 2576 0090νο
891 2543 911 2559 ¹¹
932 2541 986 2569 Nei
1003 2541 1092 2570 codici
1113 2543 1235 2570 minium

124 2584 137 2601 ⁵
153 2583 208 2611 Nei
226 2583 312 2612 codici
330 2585 415 2620 quod.
434 2585 467 2613 G.
485 2585 512 2612 lo
532 2586 632 2614 omette
889 2587 910 2604 ¹²
929 2586 1008 2620 Dopo
1027 2587 1126 2622 questa
1145 2586 1328 2615 invocazione.
1349 2587 1432 2615 Forse
1452 2586 1549 2615 habita
1567 2595 1630 2615 ora-

124 2629 137 2646 θ
156 2628 210 2656 Nei
229 2627 317 2657 codici
336 2636 419 2657 senza
437 2628 457 2657 il
477 2637 535 2657 mm
928 2631 1005 2658 tione
