1845 3076
197 174 255 204 174
830 184 854 205 P.
877 183 901 205 P.
924 183 1072 205 vnaessmo

907 340 1028 372 CXVII.

458 441 770 473 ZACHARIAE
805 440 1104 472 TRIVISANO
1138 442 1349 473 VENETO
1384 442 1412 474 S.
1448 444 1484 474 D.

758 525 886 553 1111111110Γ
909 525 937 546 VI
960 525 1072 547 imnrn.
1096 517 1180 548 1391.

585 591 648 621 (ΒΓ.
666 601 694 626 2⁷·
714 592 754 618 li?
770 593 806 620 fl:
828 608 859 610 —
884 591 950 619 PM.
970 600 991 619 0.
1011 592 1089 619 123:
1117 608 1141 610 Ἃ
1162 592 1223 620 ΡΡ.
1244 601 1271 620 n.
1293 594 1353 622 14.)

290 689 426 720 Servabo
446 692 560 725 tecum,
586 689 634 719 vir
661 689 792 728 egregie,
820 688 951 728 voloque
972 692 1008 718 nt
1030 699 1150 720 mecum
1171 699 1274 720 serves
1301 690 1437 729 primum
1460 693 1491 721 et
1518 691 1724 731 praecipuum

173 748 176 751 ’
209 747 442 783 documentum,
471 757 532 786 quo
552 747 585 776 in
606 746 751 777 ineundis
777 746 921 777 amicitiis
951 746 1067 777 servari
1097 746 1252 785 sapientes
1277 747 1400 785 jubent.
1422 751 1467 781 ut.
1487 748 1614 787 scilieet,
1638 749 1726 788 prius

208 814 372 835 noscamus
393 813 447 834 nos
467 804 609 840 invicem,
630 814 726 843 quam
747 803 924 843 diligamus.
946 804 1036 834 Hanc
1058 804 1140 834 enim
1163 814 1267 834 veram
1289 804 1457 835 amicitiam
1480 806 1670 844 quaerimus,
1685 809 1725 843 et,

208 864 343 901 utroque
365 871 554 901 magnopere
574 860 707 897 volente,
729 860 770 891 ad
792 861 859 899 ejus
879 871 1012 891 munera
1027 864 1058 891 et
1079 861 1207 891 delicias
1228 872 1439 900 properamus
1463 862 1511 893 Sic
1524 863 1622 902 igitur
1642 872 1727 894 assu-

207 921 312 949 matur
333 929 352 948 a
365 918 465 955 nobis,
487 920 532 953 ut,
555 928 625 948 cum
647 917 707 948 rite
723 920 755 948 et
775 918 839 948 suis
863 918 1076 948 fundamentis
1096 922 1242 957 suscepta
1262 918 1368 955 fuerit,
1390 919 1595 950 immutabilis
1616 923 1647 951 et
1661 920 1725 951 fixa

206 978 394 1016 perseveret.
427 975 566 1005 Primum
595 975 704 1014 itaque
733 978 936 1014 praeceptum
965 978 1022 1012 est,
1053 978 1086 1006 nt
1115 986 1341 1012 cognoscamus.
1374 976 1429 1007 Cui
1456 977 1501 1007 rei
1530 977 1611 1008 viam
1639 977 1727 1008 dedit

205 1033 344 1074 paucula
366 1032 563 1063 familiaritas
578 1035 609 1062 et
623 1033 773 1063 iteratum
794 1032 984 1071 colloquium
1001 1043 1020 1062 a
1035 1033 1123 1063 nobis
1138 1032 1290 1063 habitum.
1312 1033 1442 1064 Plenam
1459 1037 1566 1064 autem
1582 1037 1613 1065 et
1629 1035 1726 1066 abun-

206 1090 335 1121 dantem
357 1091 396 1120 de
417 1092 448 1121 te
470 1089 625 1127 notitiam,
647 1099 728 1129 quae
745 1092 819 1120 ante
841 1089 1012 1120 amicitiam
1035 1090 1144 1120 haberi
1165 1093 1275 1130 potest,
1297 1100 1335 1121 ex
1350 1091 1566 1131 vulgatissima
1588 1092 1672 1122 fama
1693 1094 1726 1123 et

207 1147 371 1187 praeclara
393 1147 631 1184 existimatione,
653 1158 717 1187 qua
738 1157 769 1177 es
791 1147 876 1186 apud
898 1150 966 1177 tuos
989 1150 1020 1177 et
1042 1147 1178 1187 reliquos
1199 1147 1316 1187 peritos
1336 1148 1426 1187 viros,
1448 1148 1554 1179 habui.
1577 1149 1619 1179 Ut
1642 1150 1725 1180 enim

207 1207 347 1236 caeteros
367 1204 476 1236 sileam
498 1207 529 1235 et
550 1204 591 1234 ad
611 1215 709 1235 unum
732 1204 864 1241 veniam,
888 1204 977 1243 cujus
995 1204 1122 1245 judiciis
1142 1215 1203 1235 non
1225 1204 1317 1235 facile
1338 1205 1545 1242 dissentirem,
1566 1207 1679 1246 quanti
1692 1209 1725 1238 te

208 1262 375 1298 existimet,
396 1272 555 1301 quamque
576 1264 609 1292 te
636 1262 732 1293 faciat
756 1262 905 1302 magister
926 1262 1078 1293 Ne'colaus
1099 1262 1135 1292 dc
1156 1261 1260 1293 Zessfs
1281 1265 1395 1299 noster,
1417 1265 1521 1294 certus
1548 1274 1671 1296 morum
1692 1267 1725 1295 et

207 1320 369 1351 hominum
390 1320 540 1359 cognitor,
562 1329 624 1350 non
638 1319 750 1350 leviter
764 1319 825 1350 dici
845 1322 955 1359 potest.
978 1319 1038 1350 Hic
1052 1319 1144 1356 enim,
1158 1330 1178 1350 a
1192 1330 1242 1350 me
1263 1320 1466 1360 perquisitus,
1488 1321 1565 1360 quid
1579 1321 1618 1352 de
1633 1321 1727 1353 rebus

210 1377 273 1407 tuis
293 1377 435 1414 sentiret,
457 1377 559 1408 multa
575 1379 606 1408 et
620 1387 744 1417 magna,
767 1379 802 1407 ut
817 1377 871 1416 qui
885 1379 1014 1416 cuperet
1034 1377 1185 1408 virtutem
1206 1377 1389 1417 praedicare
1404 1381 1435 1409 et
1448 1379 1583 1410 amicum
1604 1381 1727 1410 certum

211 1434 353 1470 reddere,
369 1434 408 1465 de
423 1437 454 1464 te
470 1434 559 1466 dixit.
579 1435 633 1465 sed
649 1445 686 1465 ea
700 1434 763 1465 fide
779 1437 810 1465 et
825 1435 989 1475 gravitate,
1005 1437 1041 1465 ut
1056 1435 1148 1475 plura
1164 1435 1322 1466 crederem
1338 1438 1369 1466 et
1384 1435 1537 1475 ampliora
1556 1446 1726 1475 sperarem.

211 1491 274 1522 Iste
296 1492 393 1532 igitur
422 1492 562 1522 comunis
582 1496 698 1527 noster,
720 1494 846 1531 praeter
866 1492 1025 1531 publicam
1048 1493 1172 1529 lainam,
1194 1503 1274 1532 quae
1295 1493 1442 1523 continue
1463 1503 1534 1524 cum
1556 1493 1727 1524 virtutibus

212 1549 441 1580 incrementum
463 1549 583 1589 recipit,
605 1550 682 1581 satis
703 1549 779 1580 milii
799 1550 838 1580 de
859 1553 889 1580 te
912 1550 1083 1581 testimonii
1100 1551 1106 1567 ¹
1129 1550 1224 1581 dedit.
1248 1550 1484 1587 Verumtamen,
1505 1553 1541 1581 ut
1562 1551 1727 1590 increduli,

211 1607 425 1646 obstinatique
445 1606 557 1643 solent,
583 1607 640 1637 hoc
667 1607 803 1646 primum
826 1607 864 1637 de
885 1610 916 1638 te
939 1608 1189 1646 experimentum
1215 1607 1332 1639 habere
1361 1607 1454 1644 volui,
1477 1610 1508 1638 et
1529 1607 1657 1645 discere,
1686 1618 1727 1639 an

207 1674 313 1704 posses
333 1664 469 1695 amicum
490 1665 566 1704 pati,
588 1667 620 1695 ct
641 1665 740 1695 errori
761 1665 884 1695 veniam
906 1665 990 1695 dare.
1015 1664 1091 1695 Cum
1114 1665 1197 1696 enim
1217 1665 1376 1705 pollicitus
1397 1665 1464 1703 sim,
1498 1675 1546 1696 me
1568 1666 1726 1705 continuo,

209 1724 279 1762 post
299 1721 468 1753 discessum
489 1732 601 1757 meum,
624 1722 682 1752 tibi
703 1722 905 1761 scripturum,
931 1722 1083 1753 hactenus
1109 1723 1226 1760 distuli,
1256 1726 1286 1753 et
1307 1723 1473 1762 promissas
1499 1723 1608 1754 literas
1629 1723 1728 1760 tenui,

208 1789 246 1811 ea
267 1779 442 1810 intentione
465 1782 501 1809 ut
522 1780 682 1819 experirer
709 1780 740 1809 in
764 1780 823 1810 hac
844 1780 928 1811 facili
950 1790 983 1811 re
1004 1781 1212 1811 constantiam
1238 1783 1336 1817 tuam,
1357 1799 1396 1803 —
1416 1781 1441 1811 si
1462 1791 1568 1820 posses
1589 1781 1726 1812 errantis

213 1837 321 1868 amicis
343 1836 494 1868 delictum
518 1837 608 1874 ferre,
624 1837 820 1877 —ignaviae
841 1847 979 1877 parcere,
1000 1856 1038 1860 —
1058 1838 1198 1869 incuriae
1218 1838 1391 1878 indulgere,
1405 1857 1444 1861 -—
1458 1849 1520 1869 non
1540 1848 1730 1879 magnopere

208 1893 257 1924 his
277 1894 403 1931 moveri,
424 1913 462 1916 —
485 1894 540 1926 sed
561 1894 687 1925 fidelem
709 1905 845 1931 monere,
873 1895 1004 1932 hortari,
1025 1895 1154 1934 erigere,
1176 1905 1234 1926 nec
1255 1905 1293 1926 ex
1314 1906 1376 1927 uno
1396 1905 1521 1936 quoque
1548 1895 1640 1926 amici
1660 1905 1729 1935 pec-

208 1954 280 1982 cato
300 1961 435 1991 paenam
457 1952 544 1982 velle.
568 1951 654 1990 Quae
676 1963 771 1991 quam
792 1952 894 1983 valide
915 1953 1010 1992 possis
1027 1955 1059 1983 et
1074 1952 1178 1989 facias,
1198 1953 1268 1984 luce
1290 1953 1405 1984 clarius
1419 1953 1521 1984 didici.
1545 1952 1605 1984 Per
1620 1962 1726 1984 omnes

210 2009 304 2046 enim,
328 2009 381 2048 qui
402 2009 443 2039 ad
464 2011 495 2040 te
516 2009 655 2046 veniunt,
677 2020 739 2040 non
760 2010 875 2042 desinis
903 2021 1022 2041 memor
1043 2010 1103 2041 mei
1125 2010 1243 2042 salutes
1274 2011 1408 2048 mittere,
1437 2010 1573 2041 dulciter
1598 2010 1727 2051 alloqui,

210 2068 242 2097 et
257 2066 335 2097 bene
349 2066 480 2103 hortari,
503 2066 617 2106 quibus
631 2067 788 2104 immotae,
802 2070 834 2098 et
849 2067 966 2098 solidae
980 2068 1092 2098 mentis
1108 2070 1183 2099 tuae
1198 2067 1284 2099 clara
1302 2068 1358 2098 das
1372 2068 1469 2108 signa.
1494 2067 1597 2107 thue
1613 2067 1729 2098 certius

211 2123 337 2154 credam
359 2123 441 2154 hanc
460 2123 674 2164 integritatem
695 2127 794 2163 tuam,
808 2124 895 2156 ocius
916 2125 1080 2161 rescribas,
1102 2125 1238 2162 obsecro,
1261 2128 1293 2156 et
1312 2125 1469 2156 volentem
1489 2125 1632 2163 admone,
1655 2124 1723 2156 doc-

206 2182 322 2220 tusque
344 2181 458 2218 indica,
480 2192 520 2212 an
542 2182 605 2212 suis
624 2181 755 2222 legibus,
775 2182 839 2212 suis
858 2182 1009 2222 gradibus
1030 2182 1070 2213 ad
1091 2183 1263 2214 amicitiam
1284 2182 1421 2214 tendam.

286 2238 333 2269 Tu
354 2242 462 2269 autem
483 2239 669 2279 priusquam
690 2249 739 2270 me
759 2239 880 2280 diligas,
898 2240 994 2280 juxta
1014 2240 1150 2280 priorem
1171 2240 1356 2277 doctrinam,
1377 2243 1414 2271 ut
1434 2250 1542 2271 noscas
1565 2239 1664 2272 decet.
1688 2240 1724 2270 In

208 2304 280 2334 quo,
300 2295 326 2325 si
346 2305 409 2326 non
429 2295 525 2335 aliud,
554 2296 612 2327 hoc
632 2296 745 2327 saltem
771 2296 967 2328 laudandum
993 2297 1141 2334 invenies,
1163 2307 1302 2329 amorem
1330 2298 1488 2338 quendam
1515 2297 1663 2328 eximium
1685 2296 1726 2328 ad

208 2351 367 2390 virtutem,
382 2355 413 2384 et
428 2353 636 2385 reverentiam
650 2353 691 2384 ad
712 2354 807 2385 bonos
821 2356 853 2385 et
868 2354 1006 2386 eruditos
1022 2355 1112 2392 viros,
1128 2355 1354 2395 vehemensque
1369 2355 1507 2385 studium
1523 2354 1726 2394 obsequendi,

208 2411 233 2440 si
256 2410 378 2449 possim,
400 2413 436 2441 ut
456 2421 564 2442 eorum
585 2411 804 2443 familiaritate
824 2413 857 2443 et
877 2411 1008 2443 vivendo
1029 2412 1139 2443 melior
1160 2415 1192 2443 et
1216 2412 1363 2444 discendo
1384 2412 1505 2443 doctior
1524 2411 1607 2443 fiam.
1636 2410 1726 2442 Soleo

206 2467 301 2504 enim,
321 2477 393 2498 cum
411 2468 478 2509 jam
498 2468 532 2499 in
554 2469 665 2500 urbem
685 2469 825 2509 aliquam
846 2479 944 2501 novus
966 2470 1066 2507 venio,
1086 2470 1222 2510 primum
1243 2470 1452 2510 percunctari,
1473 2469 1593 2509 siquos
1613 2469 1661 2500 illi
1679 2478 1727 2500 ce-

205 2523 308 2555 lebres
334 2525 414 2556 viros
440 2528 472 2556 et
495 2525 561 2557 vita
582 2528 614 2557 et
634 2526 734 2558 literis
761 2526 847 2558 fama
873 2526 964 2558 ferat.
995 2526 1078 2565 Quos
1106 2537 1178 2558 cum
1204 2526 1312 2558 adesse
1341 2537 1464 2565 novero,
1485 2537 1547 2558 non
1572 2526 1725 2558 erubesco

218 2666 225 2682 ¹
248 2665 303 2694 ΡΡ.
325 2666 536 2703 testimonimum
556 2667 599 2695 nel
620 2668 666 2698 ΒΥ.
685 2668 705 2696 11
723 2668 757 2697 de
775 2670 800 2698 te
818 2671 832 2697 e
850 2669 986 2706 aggiunto
1005 2670 1052 2705 poi
