1845 3076
714 178 854 201 musione
1500 169 1539 199 :33

35 263 214 296 habendam
231 264 237 280 ¹
254 265 338 303 puto.
356 261 504 293 Extranei
521 260 603 293 enim
619 272 730 302 parum
747 263 777 293 in
793 262 886 294 Italia
901 263 911 279 ²
927 262 1038 293 virium
1054 262 1181 299 habent,
1200 262 1303 293 minus
1324 262 1428 299 animi,
1449 261 1539 302 longe

33 321 136 352 minus
158 320 340 352 industriae.
372 319 564 360 Indignatur,
591 321 622 350 et
647 319 807 359 obstrepat
823 320 833 336 ³
855 319 1088 359 quantumlibet
1109 319 1254 359 despecta
1283 319 1463 350 barbaries:
1488 318 1538 349 Illi

32 377 65 409 in
87 377 180 409 italia
201 376 307 408 nullus
327 378 376 408 est
398 375 506 407 locus⁴
531 375 622 406 Italia
642 376 667 407 si
688 376 803 407 servire
822 379 954 416 oportet,
975 386 994 407 a
1015 376 1086 407 solis
1106 376 1192 407 Italis
1213 376 1365 407 vincenda
1380 379 1434 407 est.
1457 376 1538 414 Quid

32 434 177 475 deinceps
192 435 351 475 contiget⁵
372 433 404 464 in
426 433 473 464 his
487 432 642 465 bellorum
657 433 855 472 tumultibus,
878 436 1032 474 quantum
1054 433 1157 465 verius
1180 436 1296 473 potero,
1319 433 1538 473 frequentibus

33 491 134 524 literis
155 491 308 523 indicabo.
330 491 408 522 Vale
430 490 513 522 felix.

718 745 857 777 XXXIV.

318 837 527 870 ALMERICO
549 838 602 869 DE
623 837 885 869 SERRAVALLE
908 837 1067 869 PHISICO
1082 837 1093 854 ⁶
1113 836 1141 868 S.
1163 837 1197 868 P.
1218 837 1254 868 D.

566 922 695 950 mnium,
716 922 769 944 vni
790 922 828 944 11).
851 922 914 944 nnc.
938 913 1022 943 1400.

273 989 337 1023 (Ην.
352 998 383 1024 2).
402 989 462 1021 21‚·
483 1004 515 1008 —-
534 988 619 1017 Ram.
633 997 665 1023 p.
684 990 721 1016 61
742 990 781 1022 t.,·
801 1004 832 1008 —
854 988 924 1016 PM.
945 988 984 1016 83
1004 990 1040 1017 t..·
1063 1004 1093 1007 —
1114 988 1177 1015 ΡΙ).
1199 997 1226 1015 n.
1247 988 1307 1022 70).

111 1076 156 1107 Ex
178 1076 279 1107 medio
310 1075 461 1116 epistolae
481 1078 557 1107 tuae
588 1076 713 1107 initium
744 1076 820 1107 mihi
842 1075 965 1107 dicendi
986 1075 1053 1113 feci,
1086 1075 1169 1115 quod
1190 1075 1263 1106 inde
1284 1085 1413 1115 urgerer
1434 1075 1541 1115 magis.

35 1133 131 1165 Ferre
153 1133 269 1164 etenim
282 1143 344 1164 non
357 1143 489 1173 possum,
511 1135 546 1164 ut
567 1133 736 1164 amicitiam
756 1136 897 1164 nostram
912 1133 923 1150 ⁷
944 1136 976 1164 et
991 1132 1250 1170 benevolentiam,
1272 1142 1337 1172 qua
1358 1132 1477 1163 dudum
1500 1131 1542 1163 ad

33 1193 65 1222 te
85 1200 164 1228 sum,
186 1190 330 1222 omnibus
349 1190 438 1222 bonis
459 1190 634 1221 rationibus
654 1190 830 1229 solidatam,
851 1190 883 1220 in
904 1190 1037 1221 dubium
1058 1200 1190 1227 revoces,
1205 1190 1266 1221 imo
1281 1199 1352 1221 vero
1375 1190 1539 1227 incertum,

32 1247 256 1288 negligentiam
277 1247 404 1287 quidem
425 1247 465 1278 ab
487 1247 590 1278 animo
611 1258 679 1278 meo
700 1247 790 1288 longe
811 1248 928 1285 abesse,
949 1250 980 1278 te
1001 1247 1117 1278 sentias
1133 1247 1151 1278 ⁸.
1180 1247 1268 1278 Inter
1288 1247 1391 1278 varias
1413 1247 1542 1284 etenim,

32 1307 69 1336 ut
89 1304 143 1343 ais,
164 1305 432 1345 circumserpentis
453 1304 600 1336 fortunae
620 1305 780 1344 procellas,
803 1315 910 1336 rarum
931 1305 989 1335 tibi
1010 1305 1184 1345 gratiarum
1199 1304 1338 1335 solamen
1359 1304 1541 1343 contingere

32 1364 156 1402 poterat
170 1362 190 1399 ⁹,
211 1372 402 1402 quamquam
424 1362 500 1402 (tuis
513 1362 709 1401 exigentibus
724 1362 856 1401 meritis)
879 1364 1004 1402 gratum
1025 1364 1057 1392 te
1072 1361 1148 1392 mihi
1169 1371 1239 1392 mea
1252 1361 1351 1392 virtus
1367 1361 1540 1401 acciperet;

36 1418 132 1459 idque
145 1419 166 1436 ¹⁰
186 1419 304 1450 frustra
325 1419 514 1450 desiderasse
534 1422 565 1450 te
585 1422 688 1450 certus
710 1429 750 1450 es.
771 1419 844 1450 Mea
868 1419 1022 1459 siquidem
1050 1419 1147 1449 virtus
1169 1421 1289 1458 quanta
1309 1419 1349 1449 sit
1371 1428 1428 1449 nec
1449 1417 1546 1449 fallor

37 1486 94 1508 nec
114 1476 182 1508 falli
202 1477 302 1516 cupio.
331 1476 517 1507 Praedicent
541 1487 591 1507 1110
612 1476 665 1516 qui
685 1476 802 1513 velint3
823 1477 914 1516 pauci
942 1476 1071 1507 multive
1094 1476 1249 1516 gratum¹¹
1272 1475 1421 1512 habeant,
1440 1485 1547 1515 quam-

38 1544 134 1574 quam
146 1534 167 1551 11
181 1533 257 1564 1111111
269 1544 305 1565 ex
317 1533 422 1573 paucis
435 1533 579 1573 obtigisse
593 1543 759 1571 asseveras,
770 1536 806 1564 ut
818 1533 988 1564 multorum
997 1533 1114 1574 judicio
1125 1533 1283 1573 probarer.
1297 1532 1355 1564 Sed
1369 1543 1405 1564 ea
1418 1533 1440 1549 ¹³
1454 1535 1546 1563 tanta.

41 1593 97 1628 est,
126 1594 162 1622 ut
182 1591 208 1621 si
229 1601 322 1631 quem
344 1590 466 1622 videam
488 1590 576 1622 bonis
596 1590 717 1621 artibus
737 1590 926 1630 praeditum,
946 1590 1099 1621 virtutum
1120 1590 1346 1630 literarumque
1366 1589 1547 1628 studiosum,

36 1650 93 1679 aut
112 1648 138 1679 si
159 1648 249 1679 modo
271 1648 357 1679 clara
372 1648 394 1665 ¹⁴
414 1647 533 1679 indoles
559 1647 659 1678 futuri
680 1658 767 1688 spem
786 1647 935 1687 temporis
960 1647 1078 1684 fecerit,
1106 1657 1167 1678 non
1188 1657 1295 1678 amare
1316 1657 1379 1677 non
1410 1656 1545 1686 possum.

36 1704 84 1736 De
105 1705 224 1737 meritis
243 1704 373 1736 fortasse
394 1705 466 1742 tuis,
494 1705 635 1745 quamvis
648 1705 669 1721 ¹⁵
690 1715 751 1736 11011
773 1704 911 1743 deberes,
933 1704 1072 1736 diffidere
1089 1704 1110 1721 ¹⁶
1130 1704 1270 1744 potuisti,
1296 1703 1381 1743 quod
1401 1702 1546 1743 plerique

41 1762 196 1802 sapientes
217 1762 326 1799 solent,
348 1764 393 1799 ut,
417 1772 478 1802 quo
498 1771 548 1792 res
568 1771 638 1792 suas
660 1762 787 1793 minoris
802 1761 932 1799 faciunt,
949 1772 984 1793 eo
1005 1761 1131 1802 majoris
1152 1761 1254 1792 facere
1274 1759 1430 1799 studeant,
1450 1778 1488 1782 -
1509 1759 1549 1791 de

41 1819 180 1850 amicitia
200 1829 272 1850 vero
294 1819 430 1856 mininie,
451 1829 541 1858 quae,
569 1821 606 1849 ut
626 1819 746 1859 majora
767 1819 884 1857 sileam,
915 1829 953 1850 ex
973 1822 1039 1850 tam
1060 1818 1152 1858 longo
1173 1820 1322 1858 tempore,
1344 1820 1391 1848 tot
1411 1816 1548 1848 amoenis

39 1876 333 1913 conversationibus,
354 1879 419 1907 tam
436 1876 584 1917 jucundis
601 1877 622 1893 ¹⁷
643 1877 825 1913 convitibus,
841 1879 888 1907 tot
903 1876 1009 1907 amicis
1031 1875 1334 1907 confabulationibus
1349 1878 1379 1905 et
1394 1874 1500 1914 genita
1515 1876 1549 1905 et

38 1933 71 1964 in
92 1933 173 1964 hanc
193 1933 275 1964 diem
297 1933 418 1964 nutrita
438 1936 492 1964 est.
514 1933 674 1973 Numquid
695 1943 744 1964 me
764 1933 916 1973 praeterit
936 1933 1019 1973 quod
1036 1934 1057 1950 ¹⁸
1078 1936 1113 1963 tu
1135 1942 1184 1963 me
1199 1932 1219 1949 ¹⁹
1241 1942 1364 1972 semper
1380 1932 1463 1962 omni
1485 1931 1546 1962 offi-

39 1990 157 2022 ciorum
178 2001 291 2031 genere
313 1994 494 2030 prosecutus
505 1991 527 2007 ²⁰
548 2001 588 2028 es,
610 1991 693 2030 quod
716 1994 789 2022 ante
810 2001 916 2022 omnes
938 1990 1239 2030 obsequiosissimum
1268 1989 1364 2020 fueris
1376 1989 1407 2025 ²¹,
1428 1988 1549 2028 tibique

40 2057 163 2088 semper
183 2048 282 2079 honor
296 2057 383 2079 meus
403 2048 637 2079 commendatus
659 2048 806 2079 extiterit.
830 2047 911 2086 Quid
925 2048 1011 2079 aliud
1026 2057 1164 2087 unquam
1185 2046 1277 2083 soleo,
1299 2056 1369 2077 cum
1386 2046 1424 2076 de
1444 2045 1549 2085 probis

52 2132 60 2149 ¹
82 2131 128 2159 Gr.
143 2131 302 2159 habendum
817 2132 837 2148 ¹¹¹
856 2131 912 2159 PP.
932 2133 1017 2165 mque

49 2176 62 2193 ²
79 2175 126 2203 Gr.
145 2175 178 2203 in
197 2175 318 2204 Italiam
815 2177 834 2193 ¹¹
856 2176 911 2203 PP.
927 2175 1056 2210 qratiam

50 2220 62 2238 3
80 2219 137 2248 ΡΡ.
156 2220 296 2255 obstrepet
818 2221 839 2237 ¹²
858 2219 909 2247 Xei
929 2219 1017 2247 codici
1035 2219 1113 2254 qnod

52 2264 63 2281 ⁴
82 2263 129 2292 Gr.
147 2264 225 2292 locus
243 2266 285 2293 est
818 2265 839 2282 ¹3
857 2263 892 2292 lc.
910 2264 1003 2291 virtus

49 2309 61 2326 ⁵
80 2308 135 2336 PP.
153 2309 250 2337 contin
290 2310 301 2336 t
817 2309 839 2325 ¹⁴
858 2308 913 2336 PP.
933 2307 1028 2335 clarae

50 2353 62 2370 ⁶
80 2351 167 2380 Senza
185 2317 308 2382 ind.91izel
328 2354 404 2382 Ram.
813 2353 835 2369 ¹⁵
854 2351 910 2379 PP.
931 2353 1058 2386 quantus

53 2397 64 2414 ⁷
83 2396 161 2425 Ram.
180 2399 303 2425 vestram
817 2397 838 2414 ¹⁶
858 2396 912 2424 PP.
933 2395 1098 2428 diffundere

53 2441 64 2458 8
83 2441 129 2469 Br.
151 2441 210 2469 PM.
232 2442 287 2471 PP.
307 2442 446 2471 incertam
466 2443 669 2479 neyligyenfiam
692 2450 781 2477 quam
817 2441 838 2458 ¹⁷
857 2440 912 2468 PP.
934 2439 1085 2473 foecundis

83 2485 119 2513 ab
147 2486 245 2513 animo
274 2495 334 2514 meo
362 2487 445 2523 lonye
472 2488 566 2515 abesse
595 2488 620 2515 te
647 2487 779 2520 sentias;
816 2486 838 2502 ¹⁸
858 2484 912 2513 PP.
932 2492 1014 2519 quem

79 2528 156 2558 Ram.
177 2529 250 2557 mihi
268 2532 373 2559 certam
392 2531 595 2567 neyliyentiam
818 2530 839 2546 ¹⁹
858 2529 914 2556 PP.
934 2536 1016 2556 senza
1035 2536 1078 2555 me

54 2573 66 2590 ⁹
89 2571 196 2600 Gratia
219 2572 249 2601 in
274 2581 355 2602 senso
380 2574 407 2602 di
433 2573 555 2603 amicizia
580 2573 778 2608 scambievole3
815 2574 837 2591 ²⁰
856 2573 901 2600 ΒΓ.
921 2572 982 2601 ΡΜ.
995 2573 1230 2607 prosequuturus

82 2616 160 2646 Ram.
179 2618 307 2652 qratiam
319 2618 472 2649 solemnem
484 2618 640 2654 cotzti9c7·et
651 2619 782 2653 poterat:
818 2618 839 2634 ²¹
860 2616 915 2645 PP.
936 2616 1058 2649 fuissem

82 2660 136 2690 PP.
154 2661 253 2697 ⁵qratia
273 2663 298 2690 te
314 2662 386 2690 mihi
