1845 3076
732 181 869 206 msronn
1517 172 1557 203 73

54 264 114 296 Hic
133 274 189 306 ego
210 274 312 305 neque
332 264 485 296 auxilium
506 264 630 304 neque¹
652 265 814 296 consilium
846 265 997 298 adhibere
1017 274 1140 306 possum
1153 265 1174 302 2,
1206 274 1279 296 nam
1300 273 1390 296 rarus
1411 265 1458 295 est
1481 257 1554 294 hinc

54 321 129 354 inde
149 323 338 353 commentus
353 321 364 339 ³
386 322 418 352 et
433 331 489 361 ego
509 321 665 352 neminem
680 331 718 352 ex
732 332 767 353 eo
781 322 895 362 oppido
916 322 997 360 novi,
1016 331 1150 362 quocum
1163 321 1202 353 (le
1222 322 1301 353 istac
1314 331 1348 352 re
1369 320 1552 353 conferrem.

56 378 135 410 Cum
154 378 259 410 amica
279 380 312 410 et
331 377 413 415 filiis,
434 380 470 408 ut
486 377 614 418 jussisti,
636 377 784 418 loquutus
804 388 882 410 sum.
914 378 965 410 Illi
986 378 1113 419 quidem
1133 377 1264 409 sollicite
1283 387 1316 409 se
1337 387 1370 409 se
1390 379 1555 409 curaturos

53 434 184 475 polliciti
197 437 279 473 sunt,
301 436 338 466 ut
351 444 390 466 ex
404 434 452 465 his
473 434 631 466 mensibus
645 434 654 451 ⁴
677 438 832 475 quantum
853 436 963 466 vitium
978 445 1088 476 cogere
1107 438 1163 466 aut
1177 445 1234 476 per
1247 445 1280 467 se
1294 438 1350 466 aut
1370 445 1425 475 per
1439 434 1554 466 amicos

54 494 179 532 possent
199 491 338 523 haberes.
359 491 406 522 Ex
426 491 574 523 Bassiano
594 494 701 523 autem
721 492 797 532 quid
818 492 1007 532 promittant
1028 502 1090 523 non
1110 492 1237 529 habent,
1260 502 1330 523 cum
1350 502 1407 523 nec
1426 491 1556 532 praedia

53 558 120 587 sua,
141 558 222 589 quae
241 548 286 580 ibi
305 548 335 579 vi
356 551 412 580 aut
432 548 549 589 injuria
563 548 603 580 ab
625 548 696 580 aliis
716 549 925 589 possidentur,
945 549 1068 589 assequi
1089 548 1224 580 valeant.
1247 548 1294 580 Ne
1308 551 1414 580 autem
1434 558 1556 589 semper

53 615 175 637 summa
193 607 357 643 sectemur,
377 608 450 636 sunt
470 605 503 636 in
522 605 580 637 hoc
600 605 693 645 plano
714 615 830 646 genera
850 606 969 643 vitium,
994 616 1076 645 quae
1096 608 1128 637 et
1148 606 1280 646 grandia
1301 606 1374 637 vina
1393 608 1425 637 et
1446 605 1554 637 suavia

53 662 238 703 germinent,
253 681 292 685 -—
305 662 383 694 haec
402 662 529 702 quidem
549 671 653 703 grossa
673 665 705 693 et
724 662 814 700 dura,
835 662 892 693 illa
911 672 984 694 vero
1004 663 1149 703 tenujora
1169 665 1201 693 et
1220 662 1311 700 levia,
1336 680 1374 684 —
1398 662 1555 702 quaedam

60 719 136 750 item
156 729 235 759 quae
255 719 372 757 album,
403 719 466 750 alia
486 729 567 759 quae
588 719 721 759 nigrum,
742 719 865 759 reliqua
885 729 966 759 quae
987 719 1082 750 medii
1102 718 1211 750 coloris
1232 730 1352 750 merum
1365 720 1376 736 ⁵
1398 719 1496 750 edant
1516 737 1554 741 -

53 779 86 807 et
107 777 183 808 haec
203 776 330 817 quidem
350 776 463 817 hyemi,
495 776 551 807 illa
571 786 644 807 vero
664 777 786 815 aestati,
819 779 852 808 et
871 777 1003 808 caeteris
1024 776 1099 807 anni
1118 776 1310 816 temporibus
1341 777 1556 808 convenientia

54 833 164 874 magis.
185 833 231 864 Ex
251 833 298 864 his
319 833 410 864 facile
432 833 492 865 erit
512 834 634 873 assequi
655 836 809 873 quantum
829 833 921 864 voles.
944 833 1119 870 Caeterum,
1143 836 1179 864 ut
1200 834 1348 864 nuncium
1369 836 1474 864 tecum
1494 834 1557 864 huc

53 891 160 922 mittas
181 893 334 931 opportet,
356 900 489 931 eumque
510 890 640 930 paulum
653 890 673 928 ⁶,
694 891 719 921 si
740 890 912 931 quidquam
933 889 1002 922 fieri
1023 890 1078 928 vis,
1099 890 1161 921 huc
1180 891 1279 922 sistas.
1301 890 1364 931 Ego
1385 891 1468 921 enim
1483 891 1556 922 huic

53 950 100 981 rei
120 949 260 981 sufficere
281 959 343 980 non
364 958 492 988 possem,
514 948 564 979 cui
585 948 635 979 vix
655 950 780 988 tempus
801 949 841 980 ad
862 949 1081 980 salubritatem
1102 959 1140 980 ex
1160 949 1342 989 quotidiano
1362 949 1465 981 studio
1486 959 1556 988 sup-

56 1007 136 1047 petit
148 1007 167 1038 ⁷.
188 1006 225 1037 In
245 1016 307 1046 quo
328 1005 412 1036 dicto
432 1005 521 1036 nulla
536 1007 592 1043 est,
613 1008 649 1036 ut
669 1015 739 1037 rere
753 1006 764 1022 ⁸
781 1006 936 1046 jactantia
957 1008 1003 1037 est
1018 1006 1037 1042 ⁰,
1058 1005 1196 1037 fortassis
1216 1006 1371 1046 quaedam
1393 1006 1556 1038 moderata

56 1064 164 1105 gloria,
184 1064 217 1095 in
232 1074 295 1104 qua
315 1073 376 1095 non
396 1072 512 1099 vereor,
527 1073 567 1094 ne
588 1062 664 1093 mihi
684 1065 777 1103 turpe
798 1063 848 1100 sit,
877 1063 1111 1104 integerrimum
1132 1063 1241 1100 virum,
1272 1063 1356 1094 omni
1378 1066 1409 1094 et
1429 1063 1555 1094 virtutis

54 1124 86 1153 et
106 1121 266 1153 doctrinae
287 1130 401 1161 genere
421 1122 643 1160 praestantem,
674 1120 835 1151 dominum
855 1120 1053 1152 Franciscum
1073 1120 1113 1152 de
1134 1120 1311 1151 Zabarcllc's
1342 1120 1470 1159 imitari,
1491 1121 1556 1161 qui,

54 1189 126 1210 cum
146 1180 178 1210 et
197 1177 341 1218 plurimis
363 1179 395 1208 et
415 1177 558 1208 maximis
579 1177 666 1208 bonis
696 1176 808 1208 offerre
829 1187 861 1208 se
880 1177 984 1217 possit,
1016 1177 1104 1208 nulla
1124 1181 1230 1208 tamen
1251 1187 1285 1208 re
1301 1178 1321 1194 ¹¹¹
1343 1178 1441 1218 magis
1462 1187 1558 1218 quam

53 1235 209 1276 patientia
228 1244 265 1266 ac
284 1235 393 1266 labore
413 1234 540 1275 gloriari
560 1234 647 1266 solet.
668 1234 731 1274 Ego
753 1244 836 1272 vero,
858 1235 915 1265 etsi
936 1234 1013 1265 mihi
1034 1235 1152 1275 gloriae
1173 1234 1296 1272 ducam,
1323 1235 1348 1265 si
1368 1235 1444 1275 quid
1465 1244 1558 1275 egero

54 1292 139 1333 quod
158 1292 252 1323 laude
272 1292 402 1332 dignum
417 1291 466 1329 sit,
487 1291 608 1322 nullam
628 1294 734 1322 tamen
749 1301 832 1322 nunc
851 1294 955 1322 tecum
969 1291 1099 1332 gloriam
1121 1302 1266 1332 aucupor.
1290 1291 1350 1323 Sed
1364 1302 1439 1330 rem,
1461 1292 1506 1323 ita
1520 1296 1557 1323 ut

55 1352 112 1387 est,
133 1349 261 1390 explico.
284 1349 364 1380 Bina
384 1349 466 1380 enim
481 1348 621 1388 quotidie
642 1349 801 1380 auditione
823 1358 997 1389 oppressus,
1016 1349 1063 1380 ita
1082 1351 1119 1380 ut
1139 1359 1178 1380 ne
1194 1348 1280 1381 festis
1301 1349 1427 1389 quidem
1449 1349 1559 1380 diebus

54 1417 165 1439 vacare
185 1406 288 1443 liceat,
309 1406 335 1437 si
355 1406 432 1446 quid
452 1406 485 1436 in
505 1406 628 1446 negotio
649 1405 733 1446 quod
754 1405 884 1437 mandas
904 1406 1101 1445 aggrederer,
1122 1416 1224 1446 neque
1243 1406 1302 1437 tibi
1323 1416 1425 1446 neque
1445 1406 1557 1437 studiis

59 1464 136 1495 meis
155 1463 334 1495 satisfacere
354 1472 483 1503 possem.
505 1462 594 1501 Quod
614 1462 639 1493 si
660 1463 747 1500 vites,
769 1465 825 1494 aut
847 1463 880 1493 in
901 1463 989 1500 urbe,
1020 1466 1078 1494 aut
1097 1463 1131 1493 in
1151 1463 1217 1494 loco
1238 1463 1309 1494 urbi
1330 1463 1478 1503 proximo,
1500 1466 1560 1494 sta—

49 1523 138 1553 tutae
159 1523 271 1557 essent,
291 1530 354 1551 non
374 1520 556 1557 diffiderem,
577 1529 664 1559 posse
686 1529 734 1550 me
755 1520 821 1550 sine
843 1520 1004 1560 dispendio
1023 1530 1075 1551 eas
1096 1519 1137 1551 ad
1157 1523 1188 1551 te
1210 1520 1343 1551 mittere.
1365 1520 1456 1551 Nunc
1476 1530 1560 1558 vero,

56 1588 127 1610 cum
147 1580 276 1615 montes,
307 1577 390 1608 unde
411 1577 576 1608 habendae
597 1579 680 1614 sunt,
711 1576 752 1608 ad
773 1576 937 1608 duodecim
966 1577 1104 1609 miliaria
1124 1580 1180 1608 aut
1200 1587 1236 1609 eo
1257 1577 1328 1618 plus
1351 1578 1479 1616 distent,
1501 1587 1562 1609 nec

56 1636 186 1677 dignum
200 1638 256 1673 est,
270 1637 306 1666 ut
321 1635 375 1676 qui
386 1635 405 1652 ¹¹
422 1635 498 1666 dare
512 1634 734 1675 spoponderint
748 1634 770 1651 ¹²
792 1634 931 1666 laborem
947 1635 1043 1666 etiam
1057 1635 1189 1666 subeant
1204 1635 1438 1666 transmittendi
1451 1654 1489 1658 —
1504 1645 1563 1667 nec

55 1703 111 1734 ego
131 1693 177 1725 ire
196 1692 272 1724 illuc
291 1692 413 1733 possim,
433 1710 471 1714 —
492 1702 549 1723 nec
568 1701 663 1732 quem
682 1690 862 1731 praeficiam
882 1692 993 1729 habeo,
1006 1710 1044 1714 —
1059 1702 1182 1723 neceSse
1204 1695 1260 1729 est,
1282 1694 1318 1724 ut
1339 1692 1475 1733 aliquem
1496 1693 1560 1724 huc

58 1751 176 1788 mittas,
206 1760 309 1790 quem,
340 1759 397 1789 ope
419 1748 608 1789 consilioque
627 1759 647 1780 a
667 1759 717 1780 me
736 1748 933 1786 instructum,
963 1748 1005 1780 ad
1025 1759 1076 1781 eos
1097 1749 1151 1790 qui
1171 1759 1203 1780 se
1224 1760 1256 1780 se
1276 1749 1460 1781 obtulerunt
1488 1760 1560 1782 011111

57 1807 215 1839 mandatis
241 1807 375 1848 adigam.
408 1806 519 1846 Sicque
540 1808 576 1837 tu
603 1805 714 1837 vitium
735 1815 814 1846 quas
834 1806 924 1846 petis,
945 1816 1000 1846 ego
1020 1807 1084 1838 voti
1104 1807 1295 1847 obsequendi
1324 1807 1383 1839 tibi
1404 1809 1560 1847 compotes

58 1864 255 1896 efficeremur
269 1864 299 1895 ¹³.
322 1863 559 1904 Rescripsissem
578 1863 720 1901 celerius,
734 1863 788 1894 sed
803 1865 927 1894 tentare
940 1863 1026 1903 prius
1041 1864 1145 1895 omnia
1159 1864 1251 1903 volui,
1266 1874 1304 1896 ne
1318 1864 1394 1904 quid
1407 1864 1561 1897 inconsul-

55 1921 118 1953 tius
136 1921 363 1962 responderem.
386 1921 433 1952 Tu
447 1930 580 1961 propere
594 1919 615 1937 ¹⁴
636 1920 785 1951 nuncium
806 1920 955 1957 dimittas,
969 1921 995 1951 si
1013 1921 1046 1951 in
1061 1931 1098 1953 ea
1118 1921 1274 1953 sententia
1297 1931 1336 1952 es.
1360 1921 1441 1953 Nam
1462 1924 1494 1954 et
1507 1932 1558 1962 po-

56 1979 216 2010 tationum
238 1980 270 2010 et
289 1977 436 2009 similium
457 1988 587 2017 operum
607 1980 776 2017 tempestas
794 1978 860 2018 jam
880 1978 1029 2009 imminet.

136 2036 182 2067 De
196 2036 344 2076 magistro
362 2034 517 2066 Guilehno
532 2037 637 2066 nostro
654 2035 807 2075 judicium
821 2035 977 2075 approbas
993 2045 1106 2073 meum,
1128 2038 1159 2067 et
1172 2037 1354 2074 orationem,
1374 2047 1437 2077 qua
1452 2037 1560 2068 laudes

57 2103 132 2125 suas
151 2093 325 2133 complexus
345 2103 422 2130 sum,
442 2092 560 2123 laudas.
582 2091 758 2132 Utrumque
778 2095 810 2123 et
830 2102 902 2123 vere
927 2094 959 2124 et
978 2092 1071 2133 digne
1092 2093 1175 2124 facis.
1197 2093 1257 2124 Sed
1277 2104 1333 2134 ego
1354 2094 1482 2134 quidem
1501 2104 1559 2125 nec

58 2151 219 2190 concipere
238 2152 363 2181 tantum
390 2149 477 2180 valeo
498 2151 652 2189 quantum
673 2151 730 2186 est,
761 2159 818 2180 nec
839 2152 991 2189 quantum
1012 2149 1150 2190 concipio
1181 2149 1292 2182 efferre
1312 2151 1404 2191 digne
1425 2161 1559 2191 possum.

60 2208 96 2239 In
117 2218 179 2248 quo
201 2207 270 2244 tibi,
297 2209 423 2247 praeter
443 2209 592 2243 caeteras,
621 2206 772 2237 maximas
798 2206 916 2246 gratias
936 2207 1046 2244 habeo,
1076 2208 1161 2247 quod
1176 2209 1197 2225 ¹⁵
1217 2218 1313 2248 opera
1331 2212 1388 2239 tua
1415 2208 1562 2240 effectum

69 2295 76 2311 ¹
97 2292 157 2321 PM.
175 2300 278 2327 oreque
841 2291 852 2308 ⁸
871 2290 946 2318 Rere
963 2292 1050 2319 anche
1068 2291 1097 2319 in
1117 2291 1252 2327 Virgili03
1271 2292 1326 2320 ΡΡ.
1344 2300 1408 2321 vere

70 2338 81 2356 *Ξ
100 2337 156 2366 ΡΡ.
175 2337 275 2365 omette
293 2335 426 2364 adhibere
438 2342 558 2369 possum
844 2334 855 2353 ⁹
873 2334 927 2363 ΡΡ.
945 2336 973 2363 et

73 2383 83 2401 3
102 2382 148 2411 Br.
172 2381 234 2410 PM.
257 2388 356 2408 verum
383 2380 426 2406 cst
447 2378 514 2406 hinc
536 2377 601 2406 inde
625 2379 792 2406 commenta-
830 2378 853 2397 ¹⁰
871 2378 924 2406 ΡΡ.
945 2380 971 2407 et

95 2427 190 2461 rium,
218 2425 278 2452 PM.
298 2426 417 2452 annota:
441 2435 451 2446 a
467 2422 536 2450 forte
562 2421 796 2457 commensarium,
833 2424 852 2441 ¹¹
875 2423 929 2451 ΡΡ.
947 2423 1023 2458 quod

95 2471 143 2499 sed
162 2470 278 2498 barbare
295 2468 364 2496 mihi
382 2468 462 2496 sonat
827 2468 850 2486 ¹¹2
870 2468 924 2496 ΡΡ.
943 2468 1159 2502 spoponderunt

71 2515 82 2534 ⁴²
100 2515 146 2543 Br.
165 2515 226 2542 PM.
245 2513 385 2542 mentibus
832 2513 852 2530 ¹3
872 2511 932 2540 PM.
951 2511 1089 2545 efficerem

73 2560 83 2579 ⁵
100 2559 160 2586 PM.
180 2559 295 2587 ¹mermzt‘
829 2555 851 2574 ’θ
871 2556 915 2584 Br.
936 2556 996 2583 PM.
1011 2563 1104 2591 prope

74 2604 86 2623 ⁶
103 2602 157 2631 Nei
175 2602 261 2631 codici
272 2601 403 2637 primum
830 2600 852 2619 ¹⁵
872 2599 927 2627 ΡΡ.
946 2599 1015 2634 quia

75 2648 86 2667 7
104 2648 149 2676 ΒΥ.
168 2647 228 2674 ΡΜ.
247 2645 386 2681 suppetit3
405 2644 458 2672 ΡΡ.
478 2645 605 2679 superest

1454 2699 1487 2727 10
