1845 3076
243 176 284 207 96
874 182 899 204 P.
920 182 945 204 P.
967 182 1115 205 VRRflEmO

944 340 1051 371 LXXI.

779 414 936 447 CAROLO
956 415 1059 447 'AENO
1080 416 1108 448 S.
1129 416 1161 447 Ρ.
1184 417 1222 447 Ι).

656 498 783 527 PADUAE,
804 498 1054 521 ANTEPENULTJMA
1074 499 1237 528 FEBRUAffl,
1261 490 1346 522 1402.

246 567 314 602 (ΒΓ.
329 575 358 601 p.
379 567 414 599 1;
429 583 460 586 -
475 566 604 600 Ramp.
623 566 713 596 3112,-
733 582 764 584 ψ
785 565 832 592 Tr.
853 566 869 591 5
890 574 917 592 η.
939 567 995 596 14.-
1016 582 1046 585 —«
1066 566 1116 593 Gr.
1136 574 1157 594 e.
1177 567 1232 593 105
1246 575 1255 598 ,·
1270 582 1299 584 —
1315 565 1387 593 PM.
1406 574 1427 593 c.
1447 566 1504 599 55,·
1519 582 1549 585 -—
1564 564 1627 592 PP.
1647 574 1674 593 η.
1694 566 1751 600 74,-

487 619 553 647 Coa.
579 618 704 654 Cicoyna
724 627 750 646 νι.
769 618 866 651 3«10.’);
888 634 917 637 -
936 619 971 646 ed
988 619 1071 653 Mur„
1091 618 1127 647 R.
1146 618 1172 646 I.
1194 617 1233 652 S,
1255 620 1271 646 t.
1296 617 1385 653 XVI,
1405 626 1426 646 c.
1445 618 1526 653 236)

330 708 521 748 Magnopere
542 707 653 743 laetor,
674 706 722 737 vir
742 705 884 742 illustris,
905 705 988 745 quod
1004 705 1044 736 ad
1058 709 1196 737 veterem
1217 705 1361 745 gratiam,
1382 715 1463 745 quae
1483 706 1559 736 mihi
1577 708 1634 736 tua
1647 706 1755 737 huma-

248 766 350 797 nitate
371 764 455 804 apud
471 768 504 796 te
519 766 597 800 erat,
617 773 732 794 novum
749 763 756 779 ¹
778 773 859 793 nune
880 763 993 802 pignus
1014 763 1238 794 familiaritatis
1259 762 1432 800 accesserit,
1453 763 1599 802 quoniam
1615 763 1626 779 ²
1646 766 1683 794 tu
1702 763 1755 794 ho-

247 822 453 854 nestissimam
474 821 652 857 foeminam,
679 820 812 851 duorum
833 830 973 850 meorum
994 820 1273 860 eonsaguineorum
1295 822 1438 856 matrem,
1466 819 1499 850 in
1520 820 1754 851 matrimonium

249 890 351 920 nuper
378 879 503 910 duxisti.
533 878 607 918 Ejus
628 888 702 908 sane
731 877 830 908 virtus
850 887 887 908 ac
908 877 1076 916 prudentia
1104 887 1201 916 quum
1225 886 1447 916 saepenumero
1474 876 1550 908 mihi
1570 878 1602 907 in
1623 877 1755 909 caeteris

249 938 346 969 rebus
366 939 531 976 perspecta
545 938 600 972 est,
623 938 691 966 tum
706 945 777 965 vero
793 934 925 964 maxime
940 934 971 964 in
987 934 1044 964 hoc
1058 936 1106 965 est
1120 934 1184 965 visa
1200 934 1358 971 enituisse,
1380 933 1463 974 quod
1477 933 1599 972 mulier,
1613 934 1755 974 alioquin

249 995 295 1025 nil
314 994 434 1025 habens
455 1003 510 1023 cur
526 992 704 1032 conjugium
724 1001 808 1022 nunc
820 993 954 1031 optaret,
975 991 1031 1021 has
1051 994 1158 1022 tamen
1173 1002 1251 1021 unas
1272 991 1408 1031 nuptias,
1429 994 1499 1030 post
1513 991 1636 1032 longam
1659 991 1755 1022 vidui-

250 1054 359 1088 tatem,
386 1051 491 1081 subire
520 1059 611 1089 passa
633 1051 688 1085 est,
715 1059 771 1088 per
796 1059 873 1088 quas
894 1052 926 1079 et
948 1049 979 1078 in
1008 1049 1118 1079 urbem
1147 1048 1396 1079 florentissimam
1422 1048 1551 1079 sedem³
1579 1049 1645 1089 ejus
1672 1049 1756 1080 vitae

248 1108 436 1140 transferret
451 1108 470 1144 ⁴,
500 1111 531 1137 et
553 1107 585 1137 in
606 1106 766 1136 maritales
793 1105 948 1136 thalamos
976 1106 1211 1137 eminentissimi
1239 1105 1313 1136 civis
1333 1106 1395 1136 iret
1408 1106 1427 1136 ⁵.
1456 1106 1643 1136 Accusarem
1669 1105 1758 1137 illam

249 1165 389 1207 profecto
411 1166 497 1204 (nam
518 1163 659 1195 accusari
680 1163 811 1194 forsitan
832 1173 894 1193 non
908 1162 1025 1202 injuria
1045 1163 1195 1202 potuisset
1209 1163 1233 1202 ⁶)
1248 1163 1273 1193 si
1286 1162 1318 1193 id
1334 1163 1448 1193 aetatis
1462 1163 1473 1179 ⁷
1487 1166 1640 1201 matrona,
1653 1165 1758 1194 tantas

250 1234 334 1263 opes,
357 1233 468 1262 eosque
496 1222 610 1253 liberos
630 1221 758 1257 habens
781 1220 915 1251 minores
944 1221 1071 1260 nuptias
1091 1223 1248 1260 sequuuta
1269 1223 1356 1251 esset.
1385 1220 1445 1251 Sed
1464 1223 1539 1251 tuae
1560 1220 1686 1251 virtutis
1707 1221 1759 1252 ad-

249 1281 374 1312 miratio
395 1279 604 1319 splendorque
625 1277 787 1309 clarissimi
808 1277 940 1308 nominis
966 1287 1028 1308 nou
1050 1277 1140 1308 modo
1162 1277 1360 1308 accusatione
1383 1288 1451 1309 eam
1472 1277 1621 1315 liberant,
1649 1288 1758 1309 verum

251 1339 347 1369 etiam
368 1336 481 1368 eximia
502 1336 597 1367 laude
618 1335 745 1375 dignam
767 1334 913 1369 reddunt.v
936 1334 1017 1374 quod
1033 1335 1044 1351 ⁸
1063 1337 1104 1373 te,
1124 1335 1178 1374 qui
1199 1334 1284 1366 ultro
1304 1334 1528 1367 desiderandus
1550 1335 1666 1372 fueras,
1697 1346 1761 1366 ma-

251 1395 398 1426 trimonio
410 1393 500 1434 jungi
514 1393 560 1423 illi
574 1393 739 1429 volentem,
753 1402 816 1422 nou
831 1391 921 1423 modo
937 1392 1036 1429 facile,
1050 1392 1103 1422 sed
1117 1394 1149 1422 et
1159 1392 1169 1409 ¹³
1190 1392 1335 1429 libenter,
1352 1392 1488 1429 admisit,
1503 1392 1758 1432 quandoquidem

251 1463 314 1483 non
328 1452 431 1483 minus
444 1454 475 1481 te
491 1451 565 1486 viro.v
586 1460 682 1490 quam
697 1459 752 1480 suo
766 1449 898 1489 repetito
914 1449 1029 1480 Catone
1043 1449 1064 1466 ¹⁰
1084 1449 1210 1486 Martia,
1231 1449 1357 1490 gloriari
1370 1450 1389 1466 ¹¹
1413 1452 1528 1489 potest.
1553 1449 1622 1488 Qua
1638 1450 1760 1481 ratione

250 1520 314 1541 non
333 1509 392 1539 sibi
413 1508 512 1544 modo,
540 1507 595 1538 sed
616 1509 646 1538 et
661 1507 683 1523 ¹²
703 1506 809 1538 liberis
831 1516 955 1546 quoque
976 1506 1038 1536 suis
1059 1506 1204 1545 providit,
1234 1507 1348 1546 quibus
1369 1507 1459 1547 longe
1486 1508 1637 1548 majorem
1658 1507 1763 1538 melio-

251 1577 389 1606 remque,
403 1576 498 1606 quam
521 1575 591 1595 eum
607 1565 661 1604 qui
683 1574 733 1595 eos
746 1564 767 1580 ¹³
788 1564 906 1603 genuit.
928 1566 1091 1603 parentem
1107 1563 1155 1594 his
1170 1563 1287 1603 nuptiis
1302 1564 1398 1595 dedit.
1421 1564 1468 1594 Tu
1481 1564 1501 1581 ¹⁴
1524 1574 1605 1605 ergo,
1622 1564 1758 1601 obsecro,

250 1626 299 1656 ita
318 1624 387 1654 illos
408 1623 564 1662 suscipias,
587 1625 623 1652 ut
643 1624 713 1652 tuos
735 1631 798 1652 esse
820 1621 903 1657 velis,
923 1621 1099 1660 jubeasque
1122 1631 1173 1652 eos
1195 1631 1290 1660 quam
1311 1622 1448 1660 primum
1468 1622 1509 1652 ad
1531 1624 1562 1653 te
1584 1621 1700 1659 venire,
1724 1624 1760 1652 ut

253 1692 315 1712 non
335 1681 401 1721 jam
417 1682 549 1711 matrem
564 1679 690 1710 doleant
704 1679 849 1715 amisisse,
865 1678 918 1708 sed
934 1678 1030 1718 magis
1044 1681 1075 1708 te
1088 1680 1253 1717 parentem
1266 1689 1322 1718 per
1336 1689 1405 1710 eam
1422 1678 1575 1710 invenisse
1591 1678 1759 1719 gaudeant.

254 1740 343 1776 Vale,
364 1742 395 1770 et
416 1748 465 1769 me
486 1740 639 1777 perpetuo
659 1739 750 1767 tuum
771 1735 861 1769 habe,
883 1746 975 1775 quem
991 1735 1067 1765 meis
1088 1735 1190 1766 verbis
1211 1735 1334 1768 domino
1355 1736 1494 1776 Remigio
1515 1736 1700 1776 Superantio
1717 1746 1761 1767 re-

255 1796 407 1829 comenda
423 1796 452 1826 ¹⁵.

266 1893 273 1908 ¹
296 1890 366 1918 Mur.
386 1898 478 1916 unum
1042 1888 1052 1903 ⁸
1071 1886 1124 1914 PP.
1144 1887 1215 1921 quia

265 1937 275 1953 2'
294 1935 350 1962 PP.
369 1942 480 1968 quicum
501 1933 571 1961 Mur.
593 1932 639 1960 Gr.
659 1931 774 1966 qncmclo
1040 1932 1050 1946 ⁰
1069 1930 1139 1959 Mur.
1158 1932 1208 1959 sed
1225 1932 1310 1959 etiam

264 1982 275 1997 ³
294 1979 364 2006 Mur.
384 1978 460 2006 Ram.
479 1977 557 2005 sedes
1028 1975 1048 1991 ¹0
1068 1975 1113 2002 Gr.
1133 1977 1245 2009 repente
1268 1976 1374 2004 Catone

265 2026 275 2042 ⁴
294 2024 370 2051 Ram.
390 2021 548 2056 transfer&
567 2020 630 2048 Mur
658 2020 852 2053 tranfhrretm·
1029 2020 1046 2036 ¹¹
1068 2019 1138 2048 Mur.
1159 2019 1277 2047 liberari

266 2071 277 2087 ⁵
299 2069 351 2095 PP.
371 2068 458 2101 esset,
478 2066 549 2093 Mur.
567 2066 625 2093 viri
643 2066 698 2093 iret
1030 2065 1050 2080 ¹2
1069 2063 1139 2092 Mur.
1157 2063 1207 2091 secl
1224 2064 1309 2092 etiam

266 2115 277 2131 ⁶
297 2114 342 2140 Gr.
357 2112 485 2146 potuisse
1028 2109 1048 2125 ¹³
1067 2108 1120 2136 Nei
1141 2108 1227 2136 codici
1246 2117 1274 2136 se

266 2159 277 2175 ⁷
297 2157 351 2186 ΡΡ,
370 2156 477 2184 scilicet
504 2156 586 2191 ejus,
614 2155 674 2183 PM.
695 2155 739 2183 Br.
760 2156 806 2183 Gr.
835 2154 885 2181 sed
912 2154 991 2188 cius,
1028 2153 1049 2169 ¹⁴
1070 2153 1115 2180 Gr,
1135 2153 1180 2180 ΒΓ.
1200 2153 1253 2182 ΡΡ,
1275 2155 1301 2180 te

292 2202 362 2229 Mur.
380 2201 457 2228 Ram.
477 2199 502 2228 si
521 2199 551 2227 id
568 2200 670 2227 aetatis
1025 2198 1046 2215 ¹⁵
1066 2196 1136 2224 Mur.
1155 2198 1291 2226 comenda
