1845 3076
261 170 301 201 74
849 177 874 201 P.
898 177 924 200 P.
945 177 1093 200 masmim

258 263 313 299 est,
334 263 370 292 ut
389 261 443 292 ille
463 260 599 291 amicum
618 270 668 291 me
689 262 721 291 et
740 259 816 292 velit
837 262 868 291 et
888 260 934 291 ita
955 261 1103 300 appellet.
1135 261 1191 293 Cui
1211 271 1261 293 me
1281 261 1381 293 literis
1402 261 1449 292 tui
1471 261 1579 293 crebro
1609 271 1760 293 commen-

256 318 367 348 datum
387 317 436 348 fao
456 317 590 349 obsecro.
612 316 712 355 Quam
732 317 867 357 primum
881 318 980 357 pestis
998 317 1060 348 hue
1081 327 1113 349 se
1133 327 1166 349 se
1186 318 1338 355 intulerit,
1360 320 1480 350 certum
1501 321 1548 350 est
1568 319 1645 349 mihi
1665 319 1705 350 ad
1725 321 1759 350 te

255 375 325 405 iter.
347 374 497 405 Dominus
518 374 701 405 Franciscus
722 373 892 414 plurimum
912 374 1051 405 salutare
1072 377 1104 406 te
1120 375 1222 416 jubet.
1247 375 1279 406 Si
1299 375 1375 415 quid
1396 375 1428 405 in
1448 375 1601 415 principio
1633 375 1757 416 gravius

257 431 330 469 dixi,
352 441 390 462 ne
412 431 533 462 mirere.
554 430 646 461 Visus
667 431 749 462 enim
770 440 838 462 sum
852 431 928 462 mihi
948 431 1006 472 ipsi
1026 432 1119 463 hodie
1138 432 1324 472 prudentior
1343 432 1451 470 solit0;
1472 432 1531 464 tibi
1551 432 1681 464 videbor
1700 432 1759 464 for-

259 490 341 519 tasse
361 488 528 528 loquacior.
550 487 638 519 Vale.

968 694 1047 726 LIV.

512 784 827 818 PEREGRINO
862 787 926 818 DE
962 785 1373 818 ZAMBECHARIIS
1405 785 1434 817 S.
1467 786 1504 817 D.

773 869 901 900 PADUAE,
925 862 939 891 1
962 869 1133 900 FEBRUARH,
1155 861 1241 892 1391.

622 935 735 971 (Br.p.
754 937 792 963 64
806 938 844 969 t.;
864 952 896 955 —
918 936 989 964 PM.
1009 945 1030 964 c.
1051 937 1130 969 127;
1150 952 1181 955 ——
1203 936 1265 964 ΡΡ.
1283 945 1312 964 n.
1332 936 1391 972 13.)

331 1023 470 1064 Injurius
489 1023 644 1054 amicitiae
665 1023 763 1054 videri
783 1033 912 1063 possem,
933 1023 979 1054 vir
1001 1024 1132 1064 egregie,
1159 1024 1185 1054 si
1207 1026 1276 1064 post
1302 1026 1466 1064 conceptos
1486 1026 1596 1056 mutuo
1616 1022 1751 1056 affectus

251 1080 403 1118 caritatis,
423 1083 492 1120 post
513 1080 617 1111 dulcia
637 1080 800 1120 colloquia,
823 1083 954 1120 postque
969 1081 1164 1112 suavissimas
1183 1081 1442 1118 conversationes,
1463 1091 1546 1112 nunc
1565 1081 1677 1112 absens
1691 1081 1756 1122 ejus

251 1148 383 1169 munera
403 1137 696 1177 praetermitterem.
719 1137 764 1168 Ea
778 1138 861 1168 enim
880 1147 956 1168 vera
977 1138 1124 1174 amicitia,
1146 1138 1178 1168 in
1200 1147 1391 1177 unaquaque
1406 1138 1581 1170 conditione
1602 1148 1667 1176 sua,
1683 1138 1757 1179 jura

251 1196 428 1235 deposcens,
452 1196 488 1225 ut
503 1204 522 1225 a
542 1194 763 1234 praesentibus
784 1194 899 1233 amicis,
920 1195 963 1225 sic
978 1197 1009 1226 et
1023 1195 1064 1226 ab
1085 1194 1268 1226 absentibus
1289 1194 1388 1226 officia
1411 1204 1468 1226 sua
1492 1195 1597 1236 exigit,
1618 1196 1760 1236 imperio-

250 1263 347 1292 saque
374 1252 536 1292 praecipit,
568 1254 604 1283 ut
625 1252 748 1283 nullum
777 1254 910 1292 tempus,
940 1252 1061 1283 nullam
1088 1255 1211 1292 partem
1232 1253 1316 1283 vitae
1343 1254 1468 1284 nostrae
1487 1253 1549 1284 suis
1576 1253 1759 1284 muneribus

250 1320 380 1341 vacuam
399 1309 545 1340 sinamus.
577 1308 646 1340 Duo
666 1311 773 1340 autem
792 1311 873 1348 sunt,
895 1311 932 1340 ut
951 1309 1127 1349 plenissime
1147 1309 1237 1346 nosti,
1258 1309 1324 1349 ejus
1345 1309 1454 1347 officia,
1474 1327 1512 1332 -—
1532 1320 1630 1340 unum
1650 1310 1756 1341 amicis

248 1367 380 1398 invicem
401 1366 480 1398 bene
502 1366 614 1403 facere,
643 1366 727 1406 quod
756 1366 829 1397 hinc
849 1366 946 1397 animi
966 1365 1081 1397 fiducia
1102 1366 1247 1406 petendo,
1268 1366 1340 1397 hinc
1371 1366 1546 1398 liberaliter
1565 1366 1668 1398 dando
1690 1377 1758 1398 con-

249 1424 392 1461 sumitur,
409 1442 446 1445 —
459 1423 596 1454 alterum
615 1423 759 1463 colloqui,
776 1426 807 1454 et
821 1426 947 1455 mutuas
967 1423 1063 1455 animi
1078 1422 1257 1454 affectiones
1273 1423 1456 1463 exprimere,
1478 1424 1561 1463 quod
1573 1423 1656 1455 inter
1670 1434 1759 1464 prae—

248 1483 352 1513 sentes
372 1480 521 1519 coeundo‚
543 1480 742 1518 convivendo,
765 1481 1035 1521 conversandoque
1050 1480 1095 1518 fit,
1116 1481 1200 1512 inter
1220 1480 1367 1512 absentes
1388 1483 1494 1512 autem
1510 1481 1645 1512 alterum
1665 1481 1758 1512 alteri

248 1538 422 1575 scribendo,
443 1540 476 1569 et
495 1537 642 1568 fidelibus
655 1537 754 1568 literis
776 1538 987 1578 colloquendo.
1008 1538 1095 1569 Inter
1110 1537 1187 1569 haec
1207 1538 1303 1578 igitur
1318 1538 1426 1575 officia,
1447 1538 1592 1578 primum,
1614 1548 1669 1578 pro
1683 1541 1759 1569 tem-

249 1606 334 1636 pore,
356 1605 489 1627 vacuum
510 1595 598 1626 nobis
619 1597 674 1626 est.
698 1595 807 1635 Neque
828 1596 910 1626 enim
932 1598 967 1626 tu
987 1605 1063 1633 meo,
1086 1595 1139 1635 qui
1159 1595 1270 1635 plenus
1293 1606 1324 1626 es
1345 1606 1452 1627 rerum
1468 1598 1499 1627 et
1519 1595 1645 1636 gloriae,
1667 1596 1759 1627 bene-

249 1653 319 1684 ficio
341 1653 480 1693 indiges:
502 1662 602 1692 neque
618 1663 673 1693 ego
686 1663 770 1684 nunc
790 1655 854 1690 tuo,
870 1653 924 1692 qui
946 1655 1099 1692 quantmn
1122 1652 1199 1683 mihi
1213 1656 1262 1684 sat
1283 1655 1329 1684 est
1343 1653 1454 1690 habeo,
1476 1653 1641 1693 habeoque
1662 1663 1758 1693 quan—

248 1713 317 1741 tum
339 1710 480 1750 quietum
500 1719 549 1740 me
571 1712 603 1741 et
623 1712 806 1741 contentum
828 1709 929 1740 efficit.
949 1709 979 1741 Si
1001 1712 1107 1740 lamen
1123 1711 1176 1749 (ne
1198 1719 1246 1740 res
1261 1712 1332 1741 tuas
1354 1709 1487 1750 reppelli
1509 1709 1635 1750 credas)
1656 1719 1758 1741 neces-

248 1768 324 1798 sitas
345 1770 480 1808 urgeret,
511 1767 593 1798 viam
614 1767 654 1798 ad
674 1767 875 1798 liberalitatis
905 1769 979 1797 tuae
1001 1766 1158 1806 praesidia
1190 1770 1297 1798 notam
1318 1767 1430 1798 habeo.
1461 1767 1629 1807 Reliquum
1649 1767 1757 1807 itaque

248 1824 405 1856 amicitiae
421 1824 553 1856 officium
569 1824 819 1865 prosequendum
835 1827 890 1862 est,
906 1834 1060 1863 suumque
1073 1824 1109 1863 ei,
1131 1835 1192 1855 non
1206 1824 1354 1862 indebite,
1370 1834 1455 1856 more
1471 1824 1620 1855 dandum.
1644 1824 1756 1856 Coram

248 1882 446 1913 confabulari
467 1884 497 1913 et
520 1891 592 1913 voce
612 1882 724 1920 dicere,
754 1882 917 1922 utriusque
946 1880 1090 1913 absentia
1111 1881 1263 1921 prohibet.
1293 1881 1382 1920 Quod
1403 1892 1464 1913 non
1486 1881 1666 1919 scribamus,
1693 1892 1756 1914 non

249 1939 466 1979 colloquamur
486 1940 640 1977 absentes,
658 1939 746 1970 nulla
766 1940 881 1979 poterit
897 1939 1063 1979 prohibere
1084 1939 1242 1970 distantia.
1266 1939 1275 1956 1
1292 1939 1431 1970 Primum
1447 1942 1553 1970 autem
1568 1939 1644 1970 mihi
1658 1938 1758 1970 dicen-

247 1997 333 2033 dum,
348 2015 386 2018 —
401 2007 462 2036 quo
477 1996 656 2036 plurimum,
678 1996 910 2036 plurimumque
923 1996 1070 2033 delector,
1087 2014 1125 2018 —
1139 1998 1194 2033 est,
1208 1996 1291 2036 quod
1306 2006 1428 2036 possum
1444 2006 1515 2028 vere
1528 1996 1630 2028 dicere
1647 1997 1757 2037 (quan-

246 2054 406 2093 ticumque
427 2055 463 2084 tu
478 2053 648 2084 amicitiam
662 2063 763 2084 meam
784 2053 908 2090 facias):
931 2053 1091 2093 Peregrini
1112 2053 1274 2084 benivolus
1294 2056 1335 2091 et,
1357 2054 1384 2084 si
1404 2054 1502 2084 virtus
1516 2063 1587 2085 mea
1606 2053 1756 2094 patiatur,

247 2111 365 2142 amicus
385 2121 462 2141 sum.
494 2110 610 2151 Magna
630 2111 655 2140 si
676 2110 802 2150 quidem
824 2111 968 2150 voluptas
990 2112 1037 2142 est
1058 2110 1144 2147 mihi,
1167 2112 1199 2141 et
1219 2110 1378 2150 singulare
1399 2110 1523 2148 donum,
1557 2121 1628 2141 cum
1648 2111 1681 2141 in
1701 2109 1756 2142 ali-

247 2168 336 2208 cujus
356 2168 433 2199 clari
453 2167 520 2203 viri,
543 2167 683 2207 quamvis
703 2167 842 2199 fortassis
863 2168 1045 2205 immeritus,
1066 2167 1316 2200 benevolentiam
1337 2170 1500 2208 acceptor;
1521 2168 1670 2208 nulloque
1691 2167 1754 2199 alio

247 2228 431 2265 argumento
452 2225 490 2256 de
506 2235 556 2256 me
575 2224 652 2255 mihi
672 2225 785 2256 bonam
806 2234 893 2264 spem
915 2225 1003 2262 facio,
1020 2236 1115 2265 quam
1135 2225 1219 2265 quod
1240 2225 1280 2256 ab
1295 2225 1342 2256 his
1359 2225 1486 2266 judiciis
1507 2226 1668 2257 hominum
1688 2225 1754 2257 lau-

246 2282 368 2320 datum,
389 2282 602 2322 dilectumque
623 2292 672 2312 me
692 2282 763 2312 scio.
795 2282 883 2312 Inter
904 2282 1087 2322 praecipuos
1108 2285 1214 2314 autem
1236 2282 1414 2323 hujusmodi
1435 2282 1525 2320 viros,
1555 2285 1592 2314 tu
1612 2292 1693 2313 unus
1712 2291 1754 2320 es,

245 2350 340 2380 quem
357 2339 505 2380 judicem,
533 2341 715 2377 amatorem,
743 2341 1014 2379 correctoremque
1034 2350 1140 2371 rerum
1168 2349 1310 2370 mearum
1331 2349 1398 2371 esse
1418 2339 1495 2371 volo.
1525 2340 1674 2371 Animum
1693 2339 1755 2371 tibi

245 2397 294 2435 do,
311 2397 449 2428 claustra
470 2406 584 2434 resera,
606 2399 747 2428 scrutare
767 2394 908 2433 affectus,
923 2395 1035 2437 effuga,
1057 2397 1173 2437 ingere,
1194 2397 1313 2437 corrige
1329 2397 1349 2428 ².
1370 2396 1583 2437 Componatur
1597 2399 1634 2428 ut
1651 2396 1754 2437 jubes,

245 2454 454 2494 artificemque
476 2456 526 2485 tuo
543 2455 594 2494 (ut
615 2456 662 2485 est
683 2453 767 2493 apud
789 2453 946 2494 Persium)
961 2454 1057 2486 ducat
1075 2454 1131 2485 sub
1145 2454 1260 2494 pollice
1280 2454 1399 2486 vultum
1412 2454 1432 2486 ³.
1455 2454 1599 2495 Insuper,
1618 2464 1659 2486 ne
1678 2453 1757 2494 quid

254 2548 262 2564 1
283 2546 336 2574 Nei
355 2547 443 2574 codici
461 2547 558 2582 questo
576 2546 687 2581 periodo
707 2553 722 2574 ο
742 2553 840 2574 manca
859 2546 887 2573 di
905 2554 980 2581 pun-
1028 2547 1039 2564 2
1060 2546 1113 2575 ΡΡ.
1131 2546 1250 2582 corriqe,
1271 2546 1469 2582 artificemque

279 2590 438 2627 teggiatura
457 2600 471 2618 e
492 2590 519 2618 di
543 2590 690 2625 parentesi,
716 2590 751 2618 od
770 2590 806 2617 lia
824 2590 919 2625 quella
937 2590 982 2618 di-
1029 2590 1039 2609 ³
1059 2590 1114 2618 Sat.
1134 2590 1167 2625 V,
1186 2599 1210 2619 v.
1231 2590 1266 2618 40

278 2644 359 2663 versa
377 2635 413 2663 da
431 2634 524 2670 quella
543 2635 592 2663 che
612 2635 647 2662 ho
667 2634 801 2664 adottato.
