1845 3076
764 176 901 200 Erisronn
1533 168 1590 200 135

83 260 118 292 id
138 259 283 301 segniciei
303 269 391 291 meae
410 260 541 300 imputa,
562 261 630 290 tum
651 260 746 291 etiam
767 261 841 300 quia
861 271 918 301 per
936 260 1043 301 plures
1064 261 1138 298 dieS,
1160 261 1232 292 hinc
1251 260 1363 292 absens
1384 261 1438 298 sui,
1461 261 1535 292 dum
1557 261 1591 292 il-

83 317 186 348 liricos
211 317 295 348 sinus
322 316 444 357 patriae
462 317 469 334 ¹
492 316 619 348 dulcore
639 317 814 349 reviserem.
834 317 905 349 Huc
919 328 991 349 vero
1005 319 1131 350 veniens
1145 317 1252 349 multis
1276 319 1358 349 circa
1371 318 1468 349 studii
1492 319 1590 350 nostri

81 374 279 414 principium,
301 373 387 406 velut
407 374 440 405 in
460 374 710 415 quibuscumque
731 375 825 407 rebus
845 376 967 413 accidit,
989 377 1243 416 occupationibus
1257 376 1434 416 impeditus,
1448 376 1498 406 vix
1513 376 1591 407 mihi

79 430 195 463 suffeci.
218 430 310 463 Nunc
330 431 470 469 tandem,
485 432 604 472 pacatis
617 431 849 472 aliquantulum
865 433 984 470 studiis,
997 433 1214 473 demolitisque
1228 433 1348 470 animis,
1366 443 1589 473 proposueram

79 489 220 520 crebrius
234 489 245 505 ²
264 491 368 520 tecum
383 489 479 529 loqui,
494 491 526 520 et
539 489 572 520 in
587 489 701 521 litteris
716 489 792 520 meis
806 493 908 534 tecum
922 500 983 521 non
999 490 1172 530 vulgariter
1186 490 1330 522 fabulari.
1345 489 1404 522 Sed
1419 501 1488 522 ecce
1501 490 1590 522 aliud

79 556 143 578 non
163 546 232 578 leve
253 545 450 586 dispendium
463 556 586 578 omnem
600 546 716 577 bonum
737 546 876 577 animum
896 548 1030 579 removit
1043 547 1083 578 ab
1098 548 1161 579 otio
1178 547 1238 587 (ita
1259 547 1341 578 enim
1355 547 1400 584 fit,
1417 550 1453 579 ut
1471 558 1506 579 eo
1527 548 1590 588 ple-

80 614 214 644 rumque
235 603 276 634 ad
290 603 428 635 deterius
449 603 652 643 disponamur
674 603 758 643 quod
779 604 930 635 bonorum
945 604 1121 642 habituum,
1142 605 1294 635 bonorum
1317 605 1392 635 item
1414 604 1589 636 studiorum

77 670 174 692 causa
194 670 259 692 esse
279 660 459 699 debuerat),
484 661 586 700 gravis
611 660 755 692 videlicet
780 671 817 692 ac
842 660 1036 692 atrocissima
1059 662 1163 700 pestis,
1185 671 1266 701 quae
1287 661 1373 700 prius
1393 661 1518 701 quidem
1539 662 1589 693 hic

85 717 241 758 paulatim
263 727 395 757 serpere,
410 728 493 748 nunc
506 728 578 749 vero
598 717 700 758 caepit
719 718 821 749 acrius
843 717 1012 749 desaevire.
1033 717 1120 749 Haec
1139 718 1278 749 animum
1300 728 1404 749 meum
1425 718 1589 756 subvertit,

79 777 112 806 et
132 774 173 806 ad
193 774 316 806 diversa
335 774 485 814 compulit
506 775 642 806 humano
667 778 787 806 terrore
808 774 966 806 discedere
988 775 1163 814 cupientem
1185 777 1216 805 et
1240 784 1295 805 suo
1319 775 1434 806 honore
1461 785 1588 807 manere

79 832 242 864 volentem.
265 831 315 863 Ad
335 832 393 864 hoc
416 832 566 873 compello
587 835 619 864 te
633 832 734 863 virum
750 832 867 863 bonum
890 831 1058 871 (medicum
1084 835 1115 862 et
1139 832 1236 863 nostri
1261 832 1408 872 temporis
1434 833 1589 872 phisicum

79 889 186 922 abesse
199 890 210 907 ³
232 889 324 929 volo),
345 890 495 930 quidnam
518 889 739 921 arbitrandum
761 889 811 927 sit,
835 892 997 921 tantarum
1018 888 1164 926 cladium,
1185 892 1232 920 tot
1261 888 1400 929 quotidie
1423 889 1586 927 malorum,

80 949 186 978 nostro
206 947 330 978 saeculo
350 947 573 987 ingruentium,
595 956 721 978 causam
741 946 816 984 fore,
832 965 870 969 -—
886 949 962 987 quot
982 950 1013 978 et
1029 949 1149 987 quanta
1162 947 1213 977 vix
1228 957 1367 987 unquam
1387 946 1449 977 alio
1465 946 1588 977 saeculo

79 1003 226 1036 accidisse
247 1003 332 1035 credi
352 1004 456 1044 possit.
476 1004 600 1035 Instant
614 1004 624 1021 ⁴
645 1004 844 1044 gravissimae
865 1013 998 1044 guerrae
1014 1006 1046 1035 et
1059 1004 1198 1044 undique
1211 1004 1425 1041 circumstant,
1446 1003 1587 1043 proximo

75 1064 178 1093 metus
198 1071 307 1093 earum
328 1061 393 1093 fere
413 1071 470 1093 sua
491 1062 596 1093 radice
617 1061 746 1102 pejores.
768 1060 864 1099 Quae,
880 1061 937 1093 etsi
951 1061 1222 1102 pestilentissimae
1238 1061 1310 1098 sint,
1333 1063 1364 1092 et
1379 1060 1589 1092 innumerabi-

77 1119 124 1150 les
143 1118 284 1150 homines
303 1119 449 1156 obruant,
471 1119 566 1151 urbes
580 1119 731 1159 plurimas
746 1122 898 1156 evertant,
912 1119 1097 1159 plerumque
1113 1122 1220 1150 tamen
1241 1118 1284 1149 eis
1312 1121 1343 1149 et
1363 1117 1517 1149 vallorum
1541 1128 1587 1149 ro-

76 1176 162 1214 bore,
182 1179 215 1208 et
235 1176 354 1208 viribus
369 1179 401 1208 et
416 1176 619 1208 multitudiue
643 1176 785 1217 pugilum
807 1176 960 1208 obviatur.
992 1176 1074 1207 Huic
1095 1178 1201 1207 autem
1222 1176 1412 1206 atrocissimo
1434 1176 1588 1207 malorum

76 1233 172 1265 nullis
192 1233 319 1271 viribus,
339 1234 426 1265 nullo
447 1234 579 1273 ingenio,
599 1234 707 1265 obsisti
727 1236 838 1273 potest,
859 1244 920 1274 quo
940 1233 1043 1264 minus
1057 1234 1196 1273 quisque,
1213 1242 1306 1273 quem
1319 1243 1376 1264 sua
1392 1243 1458 1265 sors
1479 1234 1588 1274 tetige-

76 1291 129 1329 rit,
150 1291 381 1323 inremediabili
400 1291 508 1323 morbo
529 1291 686 1331 depereat.
708 1290 740 1322 Si
760 1291 858 1331 igitur
877 1291 956 1322 haec
976 1301 995 1322 a
1015 1290 1122 1322 divina
1141 1293 1257 1321 natura
1278 1291 1441 1330 provenire
1463 1291 1587 1329 dixeris,

74 1351 183 1380 nostra
201 1349 320 1380 scelera
340 1349 528 1386 vindicante,
550 1352 654 1380 tecum
674 1348 853 1380 indubitate
874 1348 1016 1383 sentiam,
1038 1358 1119 1388 quae
1133 1347 1293 1379 saeculum
1307 1348 1374 1385 hoc,
1400 1358 1462 1379 non
1486 1348 1587 1388 plum-

74 1405 178 1442 beum,
193 1405 247 1437 sed
260 1408 408 1444 terreum,
431 1405 536 1443 fictile,
560 1406 622 1437 imo
643 1415 818 1443 arenosum,
842 1407 874 1436 et
899 1405 940 1436 ad
955 1405 1117 1446 quodlibet
1137 1405 1224 1436 nefas
1249 1415 1392 1445 pronum,
1412 1404 1581 1436 ulciscitur.

74 1462 156 1503 Quid
176 1473 249 1504 ergo
269 1463 448 1495 faciendum
469 1463 538 1494 est?
559 1462 753 1504 Fugiendum
773 1462 835 1493 ne?
855 1462 1050 1503 Fugiendum
1066 1462 1210 1502 equidem
1224 1473 1244 1494 a
1261 1463 1347 1494 vitae
1361 1462 1489 1502 cupidis.
1515 1462 1585 1494 Cer-

72 1523 143 1552 tum
163 1523 210 1552 est
230 1520 323 1558 enim,
343 1520 427 1561 quod
448 1520 532 1552 Deus
552 1520 631 1551 haec
650 1520 719 1552 loca
738 1522 840 1557 vexat,
863 1530 925 1550 non
946 1522 1053 1551 autem
1072 1520 1136 1551 illa.
1159 1520 1273 1551 Itidem
1294 1530 1343 1551 me
1365 1520 1467 1551 facere
1492 1519 1586 1559 pusil-

73 1577 234 1609 lanimitas
247 1578 330 1618 cogit
353 1580 385 1609 et
409 1578 570 1609 hominum
584 1577 722 1609 comunis
736 1577 848 1618 opinio.
872 1576 970 1608 Credo
986 1577 1103 1617 itaque,
1119 1577 1202 1617 quod
1225 1580 1294 1617 post
1320 1587 1434 1617 paucos
1452 1576 1516 1608 dies
1532 1577 1587 1608 Fa-

73 1635 197 1666 ventiae
218 1645 268 1666 me
289 1635 416 1666 videbis.
436 1634 540 1667 Satius
559 1638 667 1666 tamen
689 1636 819 1667 rationis
839 1636 972 1667 inductu
992 1638 1069 1675 puto
1090 1635 1227 1666 virtuose
1248 1637 1280 1665 et
1309 1635 1433 1665 innoxie
1454 1634 1585 1665 vivendo

74 1694 206 1723 mortem
233 1694 441 1729 contemnere,
462 1696 494 1724 et
509 1692 638 1731 exitum,
659 1703 753 1733 quem
773 1693 879 1724 divina
898 1693 1097 1733 providentia
1118 1692 1251 1729 dederit,
1282 1691 1365 1722 virili
1385 1691 1490 1722 animo
1510 1691 1586 1723 tole-

71 1758 164 1786 rare;
185 1759 266 1789 quae
286 1749 338 1781 vix
358 1749 444 1787 mihi,
465 1752 502 1781 ut
522 1760 631 1781 verum
651 1750 764 1787 fatear,
784 1750 974 1790 persuadere
1004 1750 1075 1781 scio.
1096 1750 1225 1780 Interim
1255 1752 1362 1781 tamen
1384 1749 1427 1780 sic
1451 1759 1518 1788 ago,
1540 1748 1583 1779 sic

73 1815 123 1837 me
143 1806 184 1837 ad
205 1807 364 1847 negotium
393 1807 512 1848 colligo,
541 1810 587 1845 ut,
608 1807 666 1839 etsi
687 1817 770 1839 mors
799 1808 905 1846 instet,
936 1807 988 1839 vix
1016 1807 1094 1838 mihi
1114 1809 1262 1848 suppetat
1291 1807 1390 1838 otium
1420 1805 1582 1838 moriendi.

73 1863 162 1901 Vale,
182 1864 230 1895 vir
250 1864 375 1904 optime.

84 2518 93 2536 ¹
112 2517 169 2548 PP.
187 2525 270 2546 senza
281 2517 400 2553 patriae
856 2518 867 2536 ³
885 2516 1006 2545 adesse?

74 2563 96 2581 ’θ
113 2562 170 2591 ΡΡ.
189 2570 271 2591 senza
287 2562 414 2591 erebrius
859 2562 870 2579 ⁴
888 2562 942 2589 PP.
960 2561 1057 2589 Instat
