1845 3076
918 138 930 153 Ε

281 192 300 222 2
912 203 936 224 P.
959 202 985 225 P.
1008 201 1155 224 vnnosmo

282 294 376 324 super
397 284 477 316 libro
498 285 603 325 magni
625 284 743 316 Valerii
764 295 840 325 opus
861 285 941 316 nulli
962 285 1102 325 priorum
1123 295 1281 317 cessurum
1302 287 1445 318 cudebat.
1469 287 1558 326 Quod
1579 289 1634 328 qui
1654 291 1788 320 eventus

283 342 440 381 exceperit
461 342 591 373 dubium
613 345 667 373 est.
691 342 837 373 Creditur
849 342 933 382 quod
953 341 1092 373 nondum
1113 342 1145 372 in
1166 346 1268 374 totum
1289 353 1454 383 personam
1476 348 1607 376 exuerat
1622 346 1641 377 ¹.
1663 344 1695 376 Si
1709 345 1786 385 quid

281 408 375 439 super
396 399 453 430 hoc
475 399 533 430 tibi
552 402 661 430 notum
682 399 786 437 fuerit,
807 400 818 416 ²
839 399 916 430 mihi
935 399 1044 436 scribe,
1065 402 1098 431 et
1117 400 1252 431 amioum
1272 401 1372 432 solare
1385 404 1585 433 moerentem.
1609 402 1695 434 Vale.

1013 739 1052 770 II.

755 866 909 898 ιῙΟΑΝΝΙ
936 866 1186 898 BONONIENSI
1215 866 1242 898 S.
1273 867 1308 897 D.

772 958 901 988 PADUAE,
922 958 989 981 ΚΑΒ.
1011 958 1131 981 MARTns
1153 950 1238 981 1395.
1262 951 1273 967 ³

531 1036 596 1070 (Br.
610 1044 641 1071 p.
662 1036 700 1069 4,·
720 1051 751 1055 -
776 1034 828 1063 Gr⁴
848 1044 870 1063 c.
889 1035 966 1068 129;
988 1051 1019 1054 —
1038 1034 1110 1063 PM.
1130 1043 1152 1063 c.
1171 1035 1210 1062 60
1231 1037 1259 1068 ἐς
1280 1052 1311 1055 -
1332 1035 1395 1063 PP.
1414 1044 1443 1063 n.
1462 1035 1524 1070 31.)

351 1142 474 1181 Accepi,
494 1144 536 1178 te,
552 1151 623 1172 cum
644 1141 677 1171 in
694 1140 845 1171 Histriam
859 1150 960 1180 nuper
981 1141 1123 1176 venisses,
1145 1141 1346 1180 repentinam
1359 1140 1480 1171 febrem
1495 1150 1630 1180 passum.
1647 1140 1685 1171 Id
1707 1140 1789 1172 scili-

274 1202 325 1231 cet
337 1200 346 1216 ⁴
368 1199 517 1237 restabat,
538 1201 606 1238 post
621 1200 779 1229 recentem
793 1197 880 1228 filioli
893 1197 941 1228 tui
956 1197 1108 1234 morbum,
1130 1207 1191 1237 quo
1207 1197 1354 1235 nondum,
1376 1200 1412 1228 ut
1424 1207 1542 1235 vereor,
1564 1197 1686 1228 solutus
1703 1200 1749 1229 est
1760 1198 1781 1236 ⁵,

275 1260 307 1288 et
327 1257 385 1288 tibi
406 1255 590 1296 perieulum,
619 1257 651 1286 et
664 1254 742 1285 mihi
757 1264 928 1285 moerorem
950 1254 1052 1294 adjici.
1081 1253 1161 1285 Sane
1182 1254 1251 1294 quis
1271 1254 1349 1285 mihi
1368 1255 1388 1291 ⁶,
1410 1264 1448 1285 ex
1468 1255 1554 1285 illius
1576 1254 1784 1295 aegritudine,

273 1315 328 1355 qui
347 1314 501 1354 plurimus
521 1312 581 1343 fuit
600 1313 694 1343 timor
714 1311 847 1349 incessit,
868 1311 944 1351 quin
957 1311 968 1327 ⁷
988 1314 1054 1342 tani
1068 1311 1079 1327 ⁸
1100 1311 1248 1351 pestifera
1268 1311 1337 1342 loca
1358 1312 1487 1352 fugisses
1505 1312 1525 1349 ⁹,
1546 1314 1578 1343 et
1593 1312 1626 1342 in
1639 1311 1782 1344 salubria

273 1371 422 1403 venisses!
447 1371 468 1388 ¹0
488 1370 590 1401 Multo
603 1371 690 1400 certe
702 1368 828 1400 modum
841 1378 965 1400 omnem
981 1369 1001 1385 ¹¹
1027 1368 1158 1399 excessit
1175 1368 1304 1408 junctus
1324 1369 1425 1400 dolori
1446 1372 1557 1407 metus,
1578 1380 1677 1410 quum
1698 1369 1784 1400 audi-

270 1440 347 1469 rem,
366 1433 399 1461 te
421 1438 458 1459 ex
477 1437 552 1458 sano
571 1436 644 1458 aere
664 1426 843 1462 abeuntem,
865 1425 943 1456 etin
963 1425 1115 1456 infectum
1136 1425 1330 1464 redeuntem,
1352 1436 1463 1466 parum
1484 1427 1532 1457 tui
1552 1427 1718 1464 curiosum,
1740 1429 1776 1458 ut

272 1497 336 1519 esse
353 1486 440 1524 soles
454 1484 633 1525 integrioris
650 1483 764 1515 aetatis
784 1483 993 1523 pleniorisque
1007 1482 1202 1513 habitudinis
1221 1483 1388 1521 hominem,
1410 1485 1442 1514 et
1454 1483 1540 1515 febre
1556 1486 1588 1515 et
1600 1484 1659 1516 sub
1671 1484 1783 1515 insana

271 1544 349 1576 coeli
363 1543 489 1583 regione
503 1543 683 1581 correptum
703 1550 777 1571 esse.
800 1540 867 1571 Hoc
887 1549 1038 1573 moerore,
1059 1541 1117 1571 hoc
1131 1542 1227 1578 metii,
1242 1540 1302 1571 hac
1316 1541 1524 1581 ambiguitate
1538 1551 1633 1581 quam
1647 1541 1784 1581 primum

271 1612 321 1633 me
338 1601 368 1638 ¹²,
389 1600 523 1637 obsecro,
545 1601 577 1630 et
597 1608 631 1629 re
647 1598 667 1615 ¹³
689 1600 720 1629 et
741 1597 841 1629 literis
855 1597 947 1634 leves,
968 1607 1120 1636 curesque
1141 1599 1177 1628 ut
1192 1597 1305 1635 valeas,
1328 1608 1365 1629 ac
1380 1600 1412 1629 te
1429 1597 1644 1638 familiamque
1659 1609 1784 1630 omnem

270 1657 409 1699 periculo
431 1657 556 1688 eximas.
590 1656 626 1686 In
647 1665 710 1695 qua
730 1665 774 1691 re,
805 1654 830 1685 si
851 1665 964 1694 parum
985 1657 1016 1685 te
1042 1664 1149 1685 carum
1170 1654 1276 1692 habes,
1299 1658 1355 1685 aut
1375 1655 1464 1695 parvi
1488 1655 1508 1672 ¹⁴¹
1535 1655 1669 1686 extimas
1691 1656 1721 1693 ¹⁵,
1742 1655 1783 1686 ad

270 1716 377 1748 domui
393 1714 542 1754 prospice,
564 1713 690 1753 provide
705 1712 726 1729 ¹⁶
747 1712 861 1748 liberis,
882 1712 1010 1742 intende
1032 1711 1180 1748 familiae,
1203 1722 1283 1751 quae
1305 1722 1342 1743 ex
1363 1712 1428 1743 vita
1448 1714 1544 1753 atque
1564 1712 1781 1744 incolumitate

269 1776 326 1804 tua
346 1772 472 1812 pendet,
494 1771 672 1810 amicisque,
700 1769 813 1810 quibus
834 1771 879 1800 est
899 1768 1093 1808 optatissima
1115 1769 1136 1785 ¹⁷
1157 1769 1241 1800 salus
1263 1772 1328 1806 tua,
1350 1769 1484 1807 consule,
1516 1780 1553 1801 ac
1580 1769 1658 1801 vale.
1682 1770 1785 1801 Domi-

270 1840 346 1861 num
367 1829 517 1860 Sanctum
537 1830 687 1864 nostrum,
708 1827 740 1857 in
762 1826 915 1867 dignitate
936 1835 992 1857 sua
1012 1825 1197 1863 stabilitum,
1219 1826 1343 1864 audisti,
1365 1836 1444 1858 reor.
1467 1826 1587 1864 Gaude,
1608 1829 1704 1867 atque
1726 1826 1782 1858 ite-

270 1897 339 1917 rum
363 1886 441 1917 vale.

278 2036 285 2050 ¹
312 2033 364 2060 Pisi
388 2032 475 2060 codici
494 2031 607 2059 hanno:
630 2030 741 2058 (loctmn
763 2038 917 2064 personam
930 2030 1006 2056 exie·
1049 2031 1060 2047 ⁴³
1080 2029 1147 2056 Reff.
1167 2038 1180 2055 e
1200 2028 1245 2056 Gr.
1267 2028 1347 2064 fassis

304 2079 370 2110 rat5
390 2086 434 2105 ma
457 2078 530 2104 certo
554 2076 765 2103 erroneamente.
796 2073 887 2102 Altri:
916 2075 1002 2101 totam
1039 2074 1061 2092 1⁰
1080 2073 1148 2101 Reff.
1161 2075 1189 2101 et
1200 2074 1360 2101 insalubria
1379 2075 1482 2102 vetare.
1497 2074 1542 2101 Gr.
1562 2074 1649 2102 sedet
1663 2074 1781 2102 insalu-

297 2130 454 2157 personam
467 2121 585 2148 emerat
1078 2118 1138 2145 bris
1156 2118 1259 2146 venire.
1279 2118 1331 2146 Nei
1351 2118 1438 2146 codici
1457 2119 1565 2146 veniret

278 2168 289 2184 2
308 2166 371 2194 Cosi
390 2165 421 2193 G.
441 2165 487 2192 Gli
507 2164 571 2192 altri
590 2163 649 2196 fuit
1044 2163 1062 2180 ¹¹
1084 2162 1129 2190 Gr.
1149 2162 1239 2190 medio
1257 2164 1324 2190 ante
1341 2162 1458 2190 modum
1476 2171 1587 2191 omnem

278 2212 288 2229 ³
308 2210 353 2238 Gr.
373 2217 455 2237 senza
472 2208 585 2236 Padum
605 2207 642 2235 ha
664 2207 798 2237 Calendis
815 2206 902 2242 maijs
920 2206 995 2234 1395
1042 2207 1064 2224 (ἲ
1083 2206 1150 2234 Reff.
1171 2214 1184 2233 e
1203 2206 1250 2234 Gr.
1271 2208 1296 2234 te

277 2256 289 2272 ⁴
310 2254 420 2282 Scilicet
438 2253 497 2281 vale
516 2252 603 2280 anche
620 2251 721 2280 invero
739 2251 768 2279 in
787 2259 868 2279 senso
886 2250 991 2279 ironico
1040 2251 1062 2269 1³
1081 2249 1148 2277 Reff.
1169 2259 1182 2277 e
1202 2250 1247 2278 Gr.
1268 2252 1295 2279 οὐ
1312 2259 1344 2279 re
1362 2260 1406 2279 me

279 2299 291 2318 5
309 2297 377 2326 Reff.
394 2297 506 2326 solutus
524 2305 552 2325 es
1044 2295 1066 2313 ¹4
1084 2294 1138 2322 PP.
1155 2303 1262 2330 parum

278 2345 290 2361 6
310 2342 378 2370 Reff.
397 2343 448 2376 qui
465 2341 539 2369 milei
1045 2342 1067 2359 ¹⁵
1087 2341 1190 2369 extimo
1209 2348 1256 2375 per
1274 2341 1402 2368 existimo

281 2387 291 2405 ⁷
309 2386 362 2413 Nei
374 2386 478 2414 codici:
497 2385 613 2420 quando
1045 2387 1066 2403 ¹⁶
1085 2384 1137 2413 Nei
1157 2385 1261 2412 codici:
1275 2385 1400 2420 proinde

281 2432 292 2449 8
311 2430 363 2458 Nei
376 2430 479 2459 codici:
499 2432 601 2458 tamem
622 2429 690 2458 Pero
709 2430 770 2458 Reff
786 2430 822 2458 ha
836 2431 894 2457 tam
1046 2430 1067 2447 ¹⁷
1086 2428 1153 2457 Reff.
1174 2437 1187 2457 e
1207 2428 1253 2457 Gr.
1271 2429 1480 2464 spectatissima
