1845 3076
235 163 274 194 64
866 169 892 191 P.
914 169 939 191 P.
962 168 1110 191 vnnanmo

234 255 402 286 vivendum.
418 279 432 293 ,‚
462 253 534 294 lpsa
551 254 559 270 ¹
581 253 679 294 igitur
698 252 756 284 sibi
773 253 783 269 ¹
809 253 961 283 terminus
983 254 1028 283 est
1038 253 1058 290 ³,
1086 262 1144 283 000
1174 253 1242 292 ipsa
1272 252 1421 290 alterius;
1449 253 1504 284 sed
1534 253 1596 285 alia
1627 254 1744 294 ipsius*

237 311 340 353 gratia
361 310 565 350 quaerenda⁵
584 313 667 341 sunt.
689 310 744 341 Est
768 311 875 340 autem
901 320 966 341 una
989 310 1028 341 de
1049 309 1278 341 conditionibus
1299 310 1448 350 sapientis
1459 310 1480 348 ὅ,
1502 310 1627 350 quasin
1647 311 1749 350 primo

235 367 451 400 methafisicae
471 370 636 398 enumerat
656 368 862 399 Aristoteles:
894 367 1089 407 Sapientiam
1118 367 1224 398 haberi
1244 368 1294 398 sm*
1317 368 1425 408 qratia
1445 370 1475 398 et
1495 368 1506 384 ⁷
1525 378 1586 399 non
1607 368 1744 399 alterius.

233 425 350 456 Errant
370 424 467 465 igitur
487 424 519 455 hi
540 424 604 464 qui,
627 424 676 455 vel
690 427 820 464 propter
841 424 973 455 honores
995 423 1044 454 vel
1065 423 1188 454 divitias
1201 424 1251 455 vel
1271 426 1399 464 propter
1421 424 1559 464 aliquam
1581 427 1744 456 externam

234 492 370 520 causam,
392 482 494 521 ipsam
509 481 688 521 exquirunt.
709 482 892 513 Alexander
914 492 986 513 suos
1007 481 1120 512 milites
1134 481 1245 521 grandi
1267 481 1425 519 thesauro,
1447 492 1509 522 quo
1522 482 1679 513 bellarent
1700 493 1747 513 ar-

237 539 370 577 dent-ius,
386 539 551 570 invitabat.
575 539 706 570 Romani
726 549 797 570 suos
812 539 905 570 duces
925 539 1103 578 triumphis,
1124 539 1238 569 milites
1253 539 1349 570 etiam
1370 539 1491 579 magnis
1505 539 1653 579 praemiis
1669 540 1748 571 exci—

238 596 361 628 tabant.
383 596 450 635 His,
467 596 521 636 qui
558 596 795 636 disciplinarum
816 595 928 627 studiis
948 595 1015 626 dati
1038 597 1121 632 sunt,
1143 595 1270 626 consilio
1290 596 1490 635 sapientum⁸
1513 596 1694 628 doctoratus
1714 598 1747 628 et

238 653 367 693 quidam
388 653 474 684 tituli
494 655 720 693 proponuntur.
744 652 830 690 Quae
851 652 955 683 omnia
979 652 1019 683 acl
1039 652 1167 693 ignavos
1194 653 1334 684 homines
1355 653 1536 693 inertesque
1555 654 1674 685 animos
1695 664 1744 685 ex-

232 710 429 742 suscitandos
444 711 455 727 ⁰
474 710 647 742 constituta
667 712 749 741 sunt.
779 710 925 747 Putasne,
946 710 1118 750 Scipionem
1140 712 1197 741 aut
1218 710 1340 741 Lelmm
1353 713 1411 741 aut
1431 711 1570 750 quemvis
1591 711 1748 742 clarorum

232 768 460 808 imperatorum
473 768 493 785 ¹0
514 770 641 808 propter
656 768 712 798 hoc
732 767 907 807 triumphos
919 768 938 784 ¹¹
960 767 1153 807 reipublicae
1175 767 1388 808 magnifecisse
1404 768 1425 784 ¹¹
1442 767 1602 806 &Vn-tute,
1617 779 1679 800 non
1697 769 1746 799 his

234 825 371 864 premiis,
393 826 599 856 movebantur
613 825 653 856 ad
676 824 827 856 tuendam
842 834 930 855 suani
945 824 1261 864 amplificandamque
1281 824 1516 864 rempublicam.
1539 824 1635 856 Multi
1651 826 1747 857 etiam

233 883 322 914 fuere
350 883 512 914 clarissimi
533 883 717 923 philosophi,
738 882 792 922 qui
809 884 840 912 et
854 882 1034 913 doctoratus
1054 882 1193 922 insigniis
1206 883 1227 899 ¹³
1248 885 1281 913 et
1294 882 1427 913 caeteris
1448 883 1578 923 pompis,
1600 893 1682 922 quae
1697 882 1747 914 his

234 940 428 980 temporibus
448 941 481 970 in
502 950 560 971 usu
581 940 715 971 maxime
736 943 809 970 sunt
820 940 850 978 ¹⁴,
873 949 1012 970 caruere
1040 939 1203 979 Numquid
1222 940 1370 971 1110110015
1395 940 1523 972 1111110113
1543 941 1669 972 virtutis
1689 943 1747 972 aut

238 997 341 1028 famae
362 997 513 1028 fuerunt?
534 997 624 1028 Vana
647 1000 721 1029 sunt
742 997 839 1037 igitur
853 997 931 1028 haec
952 999 983 1028 et
997 997 1037 1028 ad
1058 997 1185 1028 virtutis
1206 1007 1271 1028 esse
1291 997 1371 1028 011111
1389 998 1576 1038 spectantia,
1597 1008 1616 1029 a
1631 998 1749 1038 sapien-

239 1055 325 1087 tibus
346 1058 453 1086 autem
467 1043 506 1085 ⁴in
527 1055 644 1086 bonum
664 1054 759 1085 finem
780 1055 934 1091 instituta,
958 1057 994 1085 ut
1015 1055 1136 1085 desides
1159 1055 1264 1092 animi,
1286 1055 1340 1095 qui
1361 1055 1425 1086 suis
1446 1055 1543 1086 oculis
1563 1055 1689 1086 virtutis
1704 1065 1752 1087 ve-

240 1114 399 1143 nustatem
419 1112 524 1143 videre
546 1115 718 1152 nequeunt,
739 1112 787 1142 his
807 1111 1032 1152 apparentibus
1053 1111 1141 1143 bonis
1163 1116 1358 1143 moveantur.
1389 1112 1438 1143 Ad
1461 1122 1555 1153 quem
1575 1112 1747 1152 aliquando

238 1169 327 1200 inscii
347 1169 570 1210 pertingentes,
591 1170 647 1201 hos
669 1179 746 1209 quos
767 1169 899 1200 honores
920 1179 1067 1200 vocamus
1087 1169 1128 1200 ad
1151 1172 1307 1200 tumorem
1320 1170 1341 1186 Ἐ
1361 1169 1458 1200 animi
1473 1172 1505 1201 et
1523 1170 1610 1210 vulgi
1631 1172 1749 1210 specta-

237 1227 343 1258 culum
360 1227 419 1258 sibi
433 1229 568 1258 sumunt.
591 1227 655 1257 Hos
669 1227 778 1266 itaque
799 1226 931 1258 honores
945 1227 1007 1257 scio
1028 1230 1060 1257 te
1074 1236 1263 1266 magnopere
1277 1237 1340 1258 non
1361 1227 1559 1267 quaesivisse,
1582 1237 1639 1259 nec
1656 1228 1753 1259 etiam

234 1284 358 1315 oblatos
368 1284 389 1301 ¹⁷
408 1284 593 1324 despexisse.
618 1283 679 1315 Sed
700 1284 965 1323 quemadmodum
986 1284 1077 1324 probi
1104 1284 1163 1314 viri
1190 1284 1317 1324 publica
1332 1284 1352 1301 ¹⁸
1381 1284 1481 1315 officia
1508 1287 1684 1325 acceptant,
1712 1288 1751 1317 ut

238 1342 357 1382 possint
378 1341 617 1382 quamplurimis
638 1341 792 1382 prodesse,
812 1341 858 1372 ita
877 1344 909 1372 et
922 1343 958 1372 tu
978 1341 1067 1373 datos
1088 1341 1198 1378 tulisti,
1223 1344 1378 1381 quatenus
1400 1342 1501 1373 virtus
1513 1344 1579 1380 tua,
1601 1342 1746 1382 pluribus

238 1401 322 1436 nota,
345 1399 488 1439 pluribus
508 1399 603 1430 etiam
616 1399 721 1439 prosit.
742 1398 885 1439 Denique
899 1409 961 1429 non
982 1401 1048 1429 tam
1070 1398 1238 1430 honoribus
1253 1399 1311 1436 his,
1332 1409 1428 1439 quam
1450 1399 1561 1431 virtuti
1580 1402 1666 1437 tuae,
1682 1409 1746 1440 qua

237 1456 318 1494 illos,
341 1457 519 1496 sapientum
535 1456 663 1497 judicio,
686 1456 870 1494 meruistiffl,
889 1455 1133 1496 congratulor-²⁰.
1156 1455 1228 1487 Non
1249 1456 1332 1487 enim
1353 1459 1420 1487 tam
1436 1457 1574 1497 pondero
1595 1457 1750 1495 corticem,

240 1523 336 1553 quam
351 1513 542 1551 medullam3
563 1514 690 1553 utrique
710 1516 817 1545 tamen
839 1513 929 1544 avido
951 1516 983 1544 et
1004 1513 1104 1544 alacri
1124 1513 1228 1544 animo
1249 1514 1458 1554 congratulor.
1479 1513 1619 1554 Scioque,
1636 1515 1689 1555 qui
1709 1514 1755 1545 in-

235 1571 361 1611 genium
384 1573 415 1602 et
441 1571 581 1602 studium
602 1573 693 1602 tuum
713 1571 793 1608 novi,
821 1573 853 1602 te
873 1571 905 1601 in
926 1571 1013 1602 brevi
1034 1571 1167 1602 virtutes
1194 1571 1311 1603 multas
1337 1581 1373 1602 ac
1393 1571 1414 1588 ¹¹
1443 1570 1576 1603 honores
1597 1571 1750 1612 plurimos

238 1627 330 1669 longe
352 1628 486 1668 majores
507 1628 706 1669 adepturum.
729 1628 816 1666 Vale,
838 1628 936 1659 amice
957 1628 1119 1668 01111111οἩ.

242 1749 251 1766 1
271 1747 324 1775 Nei
343 1747 429 1775 codici
450 1747 520 1783 ipszg
535 1748 606 1776 altro
625 1748 725 1782 codice,
743 1748 827 1777 citato
847 1748 893 1776 dal
912 1748 973 1777 PM.
1012 1749 1033 1766 ¹2
1053 1748 1107 1776 PP.
1127 1748 1327 1783 mafflzificccsse

265 1793 328 1827 ipsu
1010 1794 1030 1810 1³
1052 1793 1113 1821 Cosi
1135 1793 1183 1828 G.;
1203 1793 1244 1829 gli
1265 1793 1329 1821 altri
1348 1793 1494 1821 doctorato
1513 1794 1540 1821 et
1557 1793 1693 1829 iizsz'ym’is

242 1837 253 1854 2
271 1836 299 1864 11
319 1836 376 1865 solo
396 1836 427 1865 G.
447 1836 485 1864 ha
503 1836 559 1864 sibi·
1013 1838 1032 1854 ¹⁴
1054 1838 1086 1865 G.
1105 1838 1203 1865 omette
1224 1838 1254 1865 ιή
1273 1845 1329 1865 usic
1348 1838 1474 1866 maxime
1492 1839 1562 1866 sunt

243 1882 254 1899 3
274 1881 355 1908 Meno
376 1882 407 1909 G.
427 1880 468 1917 gli
487 1881 553 1908 altri
572 1881 693 1909 mettono
713 1881 762 1909 scil
780 1881 850 1917 dopo
870 1883 911 1910 cst
1012 1883 1033 1899 ¹⁵
1053 1882 1107 1909 ΡΡ,
1130 1882 1229 1910 idoneo

242 1927 252 1943 4
271 1925 327 1953 PP.
348 1926 403 1960 ipsi
1011 1927 1033 1943 ¹5
1052 1926 1107 1955 ΡΙ).
1128 1927 1259 1955 timorem

243 1971 254 1988 ⁵
272 1969 347 1997 Altri
367 1969 453 1998 codici
467 1970 593 2005 petenda
1011 1971 1032 1988 ¹⁷
1052 1971 1083 1999 G.
1103 1980 1274 2006 mccffleopere
1291 1971 1463 2006 quaesivisse
1481 1979 1537 1999 non
1556 1973 1584 2000 et
1601 1971 1710 2000 oblatos

242 2015 253 2032 ⁶
274 2014 337 2041 Cosi
352 2014 401 2050 G.;
421 2014 461 2050 gli
475 2014 541 2042 altri
560 2014 778 2050 Qeccccstionibns
795 2015 975 2050 sapientibus
1012 2016 1033 2032 ¹⁸
1053 2015 1113 2044 PM.
1133 2016 1199 2043 nota
1218 2016 1267 2043 che
1285 2024 1324 2043 un
1343 2015 1435 2044 codice
1454 2024 1511 2044 non
1530 2016 1567 2044 ha
1585 2016 1753 2053 l’aggettivo

241 2060 253 2076 ⁷
271 2058 325 2087 Nel
344 2059 403 2088 solo
425 2060 455 2087 G.
475 2061 502 2087 et
1038 2059 1160 2093 publica

243 2104 254 2121 ³
273 2103 335 2132 PM.
359 2103 418 2132 dice
443 2103 492 2132 che
517 2111 573 2131 11011
599 2104 622 2131 s’
632 2103 744 2132 intende
768 2113 781 2132 e
800 2103 972 2140 soggiunge:
1011 2105 1032 2121 ¹⁹
1049 2104 1109 2133 PM.
1130 2105 1211 2132 mette
1231 2106 1317 2140 punto
1336 2105 1407 2140 dopo
1426 2105 1559 2134 meruisti

267 2158 282 2174 «
296 2147 367 2176 forte
386 2148 443 2184 legi
462 2148 543 2176 debet
562 2149 589 2176 et
606 2148 725 2176 consilio
744 2149 935 2183 sapientum»
1008 2149 1030 2167 2⁰
1050 2149 1111 2178 PM.
1131 2149 1186 2177 PP.
1206 2157 1262 2177 non
1280 2157 1410 2185 pongono
1430 2149 1513 2178 alcun
1533 2157 1620 2186 segno
1634 2149 1662 2178 di
1682 2149 1751 2179 divi-

244 2194 255 2210 9
274 2193 330 2221 PP.
350 2192 515 2220 crcitsmdos
1044 2192 1120 2221 sione
1139 2193 1209 2228 dopo
1228 2194 1416 2229 congyratulor

232 2238 253 2254 ¹⁰
274 2237 337 2265 Cosi
357 2237 408 2273 Gn,
428 2237 469 2273 gli
487 2237 553 2265 altri
570 2239 744 2273 Ροείανευιις
764 2237 825 2266 ΡΜ.
845 2245 969 2266 osserva:
1007 2239 1028 2255 2¹
1049 2238 1130 2265 Meno
1149 2237 1181 2266 G.
1201 2237 1242 2274 gli
1262 2238 1327 2266 altri
1346 2238 1439 2266 hanno
1459 2241 1487 2267 et

269 2292 283 2305 «
296 2289 352 2309 11011
373 2282 454 2317 capio
473 2289 583 2309 3011311111
598 2292 612 2308 »
1008 2283 1031 2299 Ἡ
1049 2281 1150 2310 Amice
1168 2282 1274 2317 optime
1292 2282 1336 2310 nel
1356 2283 1414 2311 solo
1434 2283 1465 2312 G.

232 2326 253 2343 ¹¹
275 2325 328 2353 Nei
349 2325 438 2353 codici
452 2328 574 2361 propter
593 2326 644 2354 Itos
664 2326 824 2361 triumphos
