1845 3076
763 183 899 207 Erisroti:
1549 178 1588 209 89

83 269 253 300 dilucidam
274 269 444 300 orationem
459 271 615 305 verentur,
638 266 669 298 id
685 271 791 307 agunt,
813 278 852 299 ne
872 277 904 299 se
925 268 984 308 ipsi
1003 269 1130 308 quidem
1151 269 1338 310 intelligant.
1360 269 1502 301 Esthuic
1523 279 1593 300 con-

84 328 217 358 trarium
239 336 335 367 genus
357 336 472 364 eorum,
494 325 557 365 qui,
578 324 654 355 dum
674 334 706 355 se
722 335 893 364 numquam
913 325 987 356 satis
1008 326 1182 357 intellectos
1201 326 1408 363 arbitrantur,
1436 327 1589 357 inutiliter

83 385 116 414 in
139 384 247 415 eadem
268 393 301 414 re
322 385 472 422 perstant,
493 391 593 422 eaque
615 380 772 421 superflue
793 384 941 422 repetunt
960 393 1040 422 quae
1055 382 1210 414 inutiliter
1227 384 1293 423 jam
1308 383 1393 414 dicta
1414 387 1495 414 suut.
1511 384 1589 422 Quu-

83 440 233 477 mobrem,
254 443 289 471 ut
310 442 478 479 utrumque
495 439 502 456 ¹
524 439 706 479 fugiendum
726 440 782 475 est,
802 438 848 469 ita
868 441 899 469 et
920 438 952 469 id
966 449 1152 479 magnopere
1173 440 1357 478 curandum,
1380 444 1414 472 ut
1444 451 1504 471 non
1528 441 1593 471 vul-

84 497 176 537 garis,
202 497 256 528 sed
276 496 429 528 moderati
449 496 580 526 hominis
607 495 647 525 sit
667 504 767 526 sermo
787 498 901 533 noster,
929 505 990 526 non
1011 496 1220 535 quotidianus,
1248 497 1302 528 sed
1323 497 1466 528 solemnis
1493 500 1588 537 atque

86 554 222 592 festivus,
242 555 342 594 etqui
362 553 395 584 in
416 552 576 593 publicum
596 552 720 592 prodire
742 563 804 583 non
826 552 981 588 formidet,
1004 553 1130 592 quique,
1152 552 1225 583 duni
1242 554 1408 594 unicuique
1431 556 1588 595 proximus

86 614 118 642 et
132 611 230 643 facilis
245 613 279 642 ut
293 611 408 650 attingi
419 611 429 627 ²
449 611 543 650 possit
564 610 716 647 videatur,
730 620 749 640 a
762 609 885 641 nemine
901 613 984 640 certe
1007 609 1054 640 vel
1077 610 1183 649 paucis
1199 611 1334 651 pertingi
1355 616 1460 651 queat.
1476 613 1589 643 Lenem

87 671 191 701 autem
212 671 244 699 et
263 667 388 708 plenam
409 668 581 699 orationem
602 668 757 706 admonui,
779 669 944 707 propterea
965 667 1049 706 quod
1070 667 1263 697 communior
1283 668 1426 699 omnibus
1443 673 1474 699 et
1495 670 1588 701 rebus

86 727 127 758 sit
148 729 180 758 et
198 726 399 765 temporibus,
420 726 560 766 quamvis
581 729 613 756 et
639 726 671 756 in
699 725 753 756 illo
774 723 1004 756 vehementiore
1018 724 1028 740 ³
1049 723 1171 754 dicendi
1192 734 1314 764 genere,
1335 725 1389 756 ubi
1411 727 1509 765 major
1530 727 1591 757 elc-

86 783 235 824 quentiae
256 783 300 813 vis
320 786 481 822 appareat,
502 793 564 814 non
585 782 695 813 inutile
710 782 749 812 sit
771 780 917 818 exerceri,
938 790 994 820 per
1015 780 1098 820 quod
1118 790 1230 811 causae
1245 781 1277 810 in
1294 781 1419 821 judiciis
1441 787 1587 822 aguntur.

85 840 145 872 Sed
160 841 170 858 ⁴
190 841 240 873 hic
259 852 324 873 mos
352 841 436 881 apud
457 843 577 872 nostros
597 841 691 880 plane
709 841 775 881 jain
803 842 836 872 in
863 840 1101 873 desuetudinem
1115 843 1125 859 ⁵
1147 842 1303 879 concessit,
1332 844 1457 882 qnando
1483 854 1592 875 causas

83 899 214 939 agitent,
229 910 248 930 a
261 899 374 938 quibus
395 899 583 930 alienissima
604 901 652 929 est
667 899 776 929 orandi
798 899 940 930 facultas.
963 900 1149 939 Conscriptis
1170 911 1305 940 namque
1326 900 1460 937 tabellis,
1477 904 1508 931 et
1523 912 1589 931 cou-

87 956 217 996 quisitis‚
230 959 266 987 ut
277 956 407 996 quisque
420 956 529 996 potuit,
540 955 670 995 legibus,
683 966 744 986 non
756 956 947 987 orationibus
964 957 1189 988 controversiae
1209 957 1241 987 in
1257 958 1322 988 foro
1340 957 1554 997 dijudicantur
1570 960 1588 989 ’ἰ

86 1012 145 1044 Sed
165 1023 206 1044 an
226 1013 299 1043 satis
318 1023 411 1043 sanus
430 1023 507 1049 sum,
528 1013 582 1052 qui
604 1023 652 1043 nie
673 1013 818 1044 brevibus
838 1013 951 1044 litteris
971 1023 1091 1052 sperem
1113 1014 1235 1045 dicendi
1250 1014 1431 1045 facultatem
1453 1015 1586 1046 traditu-

86 1069 179 1101 rum?
210 1069 299 1109 Quod
319 1070 444 1110 quidem
474 1080 574 1110 neque
595 1079 695 1110 spero,
726 1081 827 1110 neque
848 1071 879 1100 in
899 1081 1046 1110 praesens
1066 1071 1158 1111 agito.
1192 1071 1309 1102 Verum
1330 1071 1406 1103 haec
1427 1072 1587 1112 generalia

85 1127 241 1168 quaedam
262 1130 431 1167 praecepta
451 1127 571 1167 collegi,
592 1127 651 1158 tibi
672 1127 798 1167 quidem
819 1138 879 1158 non
901 1127 1026 1158 inutilia
1042 1128 1158 1167 futura,
1180 1128 1255 1159 mihi
1278 1139 1349 1160 vero
1367 1129 1508 1169 jucunda
1529 1140 1588 1160 ine-

85 1187 219 1216 moratu.
240 1185 373 1216 Caetera
393 1195 473 1225 quae
494 1185 534 1216 ad
555 1187 655 1216 artem
675 1188 827 1224 spectent,
857 1196 927 1216 cuin
949 1186 1033 1225 apud
1054 1186 1139 1223 alios,
1167 1189 1235 1216 tum
1263 1186 1398 1217 maxime
1423 1187 1507 1226 apud
1527 1187 1587 1217 elo—

86 1242 232 1282 quentiae
246 1242 363 1273 fontem
379 1241 567 1279 Ciceronem,
588 1242 732 1272 invenies.
753 1243 836 1273 Ante
849 1243 953 1273 omnia
966 1246 1073 1274 tamen
1094 1243 1268 1274 meminisse
1287 1244 1296 1260 ⁷
1317 1247 1449 1283 oportet,
1471 1244 1588 1274 habere.

86 1299 212 1339 quidem
233 1302 379 1330 naturam
399 1300 431 1329 in
452 1299 544 1330 rebus
564 1299 706 1330 omnibus
719 1299 781 1329 vim
804 1310 958 1339 magnam,
980 1300 1079 1330 sedin
1100 1300 1158 1331 hoc
1172 1301 1296 1339 negotio
1318 1301 1528 1341 praecipuam,
1550 1306 1585 1333 ut

85 1357 162 1387 mihi
183 1357 309 1396 quidem
330 1357 448 1388 frustra
475 1358 619 1389 laborare
646 1357 790 1389 videatur
810 1357 863 1388 ille
877 1357 888 1374 ⁸
908 1357 957 1388 cui
979 1360 1093 1398 negata
1113 1361 1162 1389 est
1182 1359 1222 1389 ab
1244 1361 1359 1389 natura
1379 1358 1526 1389 facundia
1550 1377 1589 1381 —-

85 1417 257 1454 contraque
277 1414 390 1454 quibus
409 1418 456 1446 est
472 1415 530 1446 hoc
542 1425 646 1446 semen
668 1415 820 1453 innatum,
835 1414 867 1445 hi
882 1414 971 1445 facile
992 1416 1141 1455 possunt⁹
1162 1415 1303 1446 doctrina
1323 1415 1487 1455 studioque
1511 1416 1586 1446 clari

83 1470 161 1502 fieri.
176 1472 235 1502 Ars
256 1482 390 1512 namque
411 1472 557 1509 multum,
578 1472 760 1503 exercitatio
774 1472 793 1488 ¹⁰
814 1472 920 1512 magis,
934 1475 1049 1503 natura
1070 1474 1196 1512 praeter
1216 1475 1341 1503 caetera
1360 1473 1531 1512 plurimum
1546 1473 1585 1504 ad

85 1530 166 1559 hanc
180 1539 245 1559 rem
267 1529 394 1560 confert.
417 1529 453 1559 In
469 1539 531 1568 qua
551 1531 657 1560 tamen
672 1531 718 1560 est
731 1531 767 1559 ut
788 1529 866 1559 bene
882 1529 920 1560 de
934 1531 965 1560 te
979 1540 1092 1569 speres.
1114 1530 1157 1560 Ut
1170 1532 1285 1560 natura
1297 1531 1317 1546 ¹¹
1334 1530 1459 1569 quidem
1473 1531 1586 1567 omnia,

84 1595 165 1624 quae
186 1586 226 1616 ad
245 1586 402 1626 integrum
417 1587 438 1603 ¹²²
458 1586 614 1617 hominem
635 1587 811 1627 exigantur,
832 1586 953 1617 dederit
973 1587 1040 1623 tibi,
1062 1587 1188 1618 fortuna
1210 1587 1354 1626 plurima,
1375 1590 1445 1617 tute
1464 1587 1530 1627 ipse
1553 1590 1587 1618 ut

82 1642 240 1682 perfectus
254 1643 376 1681 evadas,
398 1643 475 1674 nihil
488 1643 546 1675 tibi
566 1643 718 1675 remittas.
740 1643 806 1675 Hoc
825 1646 872 1674 est
885 1644 923 1674 de
937 1646 968 1674 te
985 1644 1137 1684 judicium
1158 1655 1270 1681 meum,
1292 1644 1369 1675 haec
1383 1654 1460 1684 spes.
1475 1644 1565 1675 Vale.

781 1898 904 1930 LXVII.

457 1973 1150 2005 JOANN1BONONIENSIS.
1194 1974 1229 2004 D.

569 2057 695 2085 rimulis,
716 2057 749 2078 111
771 2057 837 2079 ΚΑΒ.
859 2057 934 2084 FER,
958 2049 1033 2079 1396
1050 2049 1080 2079 ¹³.

342 2124 408 2159 (Br.
423 2133 453 2159 p.
473 2126 489 2149 ε’»
503 2133 511 2157 ς
532 2140 562 2143 m
588 2123 638 2152 Gr.
659 2132 686 2152 n.
705 2124 764 2157 .95;
784 2140 815 2143 w
836 2123 908 2151 PM.
928 2133 948 2151 ι’.
968 2123 1015 2151 63.
1031 2124 1060 2156 ί,-
1082 2140 1111 2142 ῌ
1132 2123 1194 2151 ΡΡ.
1215 2132 1242 2151 n.
1263 2124 1323 2155 411.)

156 2212 267 2243 Literis
281 2212 352 2248 tuis,
373 2221 452 2251 quas
467 2214 498 2242 et
511 2211 607 2242 semel
623 2214 654 2242 et
674 2211 788 2242 iteruin
808 2211 916 2248 habui,
937 2211 1076 2248 mandas,
1098 2211 1196 2242 amice
1217 2211 1345 2250 optime,
1361 2214 1396 2242 nt
1411 2212 1442 2241 in
1459 2222 1495 2243 ea
1510 2212 1586 2243 obli-

79 2269 213 2310 gatione,
233 2272 329 2309 atque
349 2269 381 2300 in
403 2279 438 2299 eo
459 2269 617 2310 rescripto,
645 2279 706 2308 quo
726 2269 785 2299 tibi
805 2278 855 2299 res
875 2268 1002 2308 publica
1030 2268 1198 2299 Bulearnui
1214 2269 1234 2285 ¹⁴
1256 2268 1405 2299 obstricta
1427 2271 1482 2305 est,
1510 2269 1587 2308 quid

90 2365 97 2381 ¹
118 2363 195 2391 Ram.
219 2362 407 2398 Quamobrem
429 2363 581 2396 utrumque
862 2362 873 2378 3
892 2361 946 2389 ΡΡ.
966 2361 1065 2388 omette
1086 2360 1150 2395 ille,
1170 2361 1249 2389 Ram.
1266 2361 1292 2388 si
1310 2361 1357 2388 cui

89 2409 100 2426 ²
118 2407 169 2435 Nei
189 2406 276 2434 codic-i
294 2406 407 2440 assequi
861 2406 872 2423 ‘³
891 2404 943 2432 Nei
963 2404 1049 2432 codici
1062 2405 1180 2439 possint

88 2453 99 2469 ³
118 2451 164 2479 Gr.
182 2451 357 2478 vehementer
850 2450 871 2467 ¹0
890 2449 966 2477 Ram.
980 2449 1077 2476 omette
1092 2448 1115 2476 le
1130 2449 1222 2482 parole
1235 2449 1270 2476 da
1284 2449 1371 2482 facile
1389 2457 1406 2477 a
1418 2450 1586 2478 ezercitatio

90 2496 100 2513 ⁴
119 2495 174 2523 PP.
194 2494 243 2523 Sic
852 2494 871 2511 ¹1
892 2493 944 2520 Nei
962 2493 1048 2521 codici
1067 2501 1161 2527 speres
1179 2495 1213 2520 ut
1230 2495 1339 2521 ηαίιινα

89 2541 100 2558 ⁶
117 2539 171 2567 PP.
192 2539 374 2567 desuetudine
848 2538 869 2555 ¹²
888 2537 948 2565 PM.
967 2537 1097 2572 viamque
1116 2537 1154 2564 ad
1174 2537 1331 2573 inteqram3
1352 2538 1399 2567 Gr.
1417 2538 1495 2566 viam
1511 2547 1587 2574 quae

88 2586 99 2602 ⁶
117 2584 194 2612 Ram.
208 2583 305 2611 omette
318 2584 351 2610 ut
362 2582 483 2617 quisque
500 2591 514 2610 e
534 2582 564 2610 in
576 2581 658 2618 f0r03
677 2581 732 2609 PP.
746 2590 810 2610 eon-
848 2582 869 2598 ¹²³
888 2580 954 2609 Reff.
975 2581 1043 2608 1496

110 2627 263 2655 troversias
273 2647 279 2654 .
293 2647 300 2654 .
311 2648 317 2654 .
329 2649 335 2655 .
354 2626 514 2662 dijudicant
848 2626 869 2642 ¹⁴
889 2625 942 2653 PP.
963 2624 1121 2653 Balearum

89 2673 100 2690 ⁷
119 2671 196 2700 Ram.
215 2679 259 2699 me
278 2671 440 2698 meminisse
