1845 3076
266 151 304 181 24
897 159 922 181 P.
943 159 970 182 P.
992 159 1139 182 rizaei-:mo

266 242 342 282 Eja¹
365 244 401 272 tu
417 242 487 273 vide
499 243 518 280 ²,
540 252 579 273 ne
593 242 684 272 nimis
700 241 830 273 forsitan
843 242 996 274 delicatus
1006 242 1141 283 judicari
1156 243 1260 282 possm,
1277 244 1330 283 qui
1344 244 1407 276 otio
1419 246 1474 275 tuo
1485 254 1522 275 ac
1535 245 1692 285 pacationi
1706 248 1772 277 tam

267 298 411 339 exlongo
430 299 602 338 provideas.
625 298 741 338 Opinor
766 299 849 330 enim
872 299 904 330 in
930 300 1137 331 senectutem3
1157 300 1217 331 ista
1240 310 1260 331 a
1280 303 1310 331 te
1325 301 1440 340 parari.
1463 300 1543 332 Nam
1568 302 1647 332 nihil
1670 302 1773 333 minus

262 356 410 396 juvenem
434 356 523 387 decet
549 365 645 396 quam
659 356 767 393 otium,
784 356 862 387 nihil
876 356 974 396 magis
997 356 1070 387 huie
1084 357 1182 388 aetati
1195 358 1339 388 convenit
1352 368 1448 398 quam
1462 358 1562 389 labor.
1583 357 1671 396 Quod
1693 359 1718 389 si
1734 359 1772 390 de

267 412 410 443 leniendo
426 412 459 443 in
472 421 619 452 praesens
633 413 738 443 animo
752 413 877 453 cogitas,
892 416 968 444 tunc
981 413 1107 453 quando
1122 415 1256 445 maxime
1269 417 1315 445 est
1328 414 1440 446 sudore
1455 415 1645 455 pulvereque
1659 415 1772 446 duran-

266 469 333 506 dus,
346 469 451 506 timeo,
478 479 517 500 ne
531 479 594 501 non
607 469 682 500 satis
696 469 905 501 incolumitati
919 470 985 510 ejus
999 471 1149 508 consulas,
1164 472 1214 502 cui
1228 472 1331 511 gravis
1345 474 1391 503 est
1405 472 1564 503 morbidus
1588 475 1695 512 torpor
1707 473 1716 489 ⁴
1738 475 1770 504 et

265 526 305 556 ad
319 526 481 558 otiandum
497 527 683 558 diverticula
699 537 849 567 quaerere
863 537 975 566 parum
991 528 1121 565 confert,
1136 538 1175 559 ne
1186 528 1287 560 dicam
1301 529 1435 559 multum
1447 529 1561 566 aufert,
1576 529 1617 560 ad
1628 529 1771 560 salutem.

265 585 314 614 An
336 583 495 615 existimas
518 584 564 615 ita
584 583 653 615 fieri
673 584 784 615 animis
806 594 916 624 parum
940 585 1019 615 bene
1040 585 1217 616 valentibus
1239 585 1500 625 quemadmodum
1523 588 1555 616 et
1578 586 1768 625 corporibus,

265 643 301 670 ut
325 640 444 680 prosit⁵
466 640 534 671 loca
557 640 705 672 mutare?
727 641 776 671 Ita
797 641 879 672 enim
896 641 1001 672 soletis
1022 651 1059 672 ex
1074 644 1142 672 arte
1157 642 1278 681 medici,
1300 644 1336 673 ut
1356 653 1433 682 quos
1448 653 1541 683 aegre
1554 643 1681 673 cernitis
1702 653 1771 673 con-

264 696 430 734 valescere,
452 707 502 729 eos
523 698 688 729 transferri
717 698 863 739 jubeatis.
895 698 954 730 Sed
982 699 1095 730 cocleam
1115 709 1177 730 non
1197 699 1336 730 animum
1355 702 1479 730 mutant
1498 700 1551 739 qui
1572 702 1661 730 trans
1681 710 1767 730 marc

262 757 398 786 currunt.
421 754 539 786 Notum
560 765 696 792 carmen,
718 758 808 786 notus
830 758 861 786 et
882 758 991 786 auctor
1001 756 1021 793 ⁶,
1043 756 1098 796 qui
1119 756 1242 787 morbos
1261 756 1378 796 optime
1398 757 1483 787 novit
1508 757 1691 787 animorum.
1714 756 1770 788 Ta<

264 812 353 842 metsi
368 812 378 827 ⁷
408 821 538 843 avocare
559 822 591 843 se
613 822 631 843 a
653 812 756 847 turba,
788 816 819 843 et
839 813 966 844 seorsim
986 813 1133 853 colligere
1161 814 1312 851 animum,
1333 813 1520 853 oculumque
1552 814 1664 844 mentis
1685 813 1717 844 in
1738 823 1770 844 se

263 870 390 906 referre,
412 869 536 900 initium
557 869 626 900 fieri
646 869 724 901 solet
745 871 862 909 proprii
884 870 984 901 morbi
999 871 1210 911 cognoscendi.
1232 871 1335 902 Morbi
1355 873 1461 902 autem
1476 871 1611 911 cognitio
1631 880 1772 911 compen-

263 927 469 958 diosissimum
491 928 502 943 ⁵
521 929 663 967 praestat
693 927 734 958 ad
758 928 952 958 curationem
973 928 1043 958 iter.
1075 927 1169 968 Cujus
1190 928 1236 958 rei
1256 937 1359 965 causa,
1381 929 1405 958 si
1427 928 1526 959 latere
1547 928 1667 968 uspiam
1689 928 1773 959 locus

264 987 320 1021 est,
353 994 415 1015 non
435 987 568 1024 quaeret
598 984 766 1015 latibulum
787 984 861 1016 foris
888 985 941 1024 qui
968 985 1067 1016 latere
1087 985 1171 1025 apud
1191 995 1223 1016 se
1254 988 1364 1025 potest.
1386 986 1451 1016 Aut
1472 985 1496 1016 si
1518 995 1676 1025 quoquam
1695 985 1706 1002 ⁹
1726 988 1773 1016 est

265 1041 447 1082 fugiendum
462 1042 491 1079 ¹⁰,
524 1052 585 1072 non
607 1045 652 1072 est
674 1042 760 1072 aliud
791 1042 1006 1082 angustiarum
1026 1043 1141 1073 certius
1161 1043 1326 1082 refugium,
1351 1053 1446 1083 quam
1467 1043 1697 1082 aequanimitas
1720 1052 1771 1082 pa-

262 1099 436 1138 tientiaque
458 1109 563 1130 rerum
575 1099 787 1136 adversarum,
809 1110 889 1139 quae
904 1100 1030 1139 quidem
1051 1110 1113 1132 non
1133 1110 1191 1140 ope
1206 1100 1366 1131 fabrorum
1388 1102 1444 1131 aut
1467 1100 1629 1131 architecti
1650 1102 1773 1130 struun-

262 1160 315 1186 tur
334 1156 467 1196 ingenio,
487 1157 541 1187 sed
562 1156 714 1187 virtutum
735 1157 837 1188 studio
864 1160 895 1187 et
916 1157 1046 1196 imperio
1066 1157 1204 1188 rationis.
1235 1158 1269 1187 ln
1291 1167 1385 1197 quam
1407 1167 1510 1188 arcem
1531 1167 1628 1197 quum
1649 1167 1681 1188 se
1702 1167 1770 1188 con-

268 1213 342 1244 tulit
363 1214 494 1252 animus,
517 1217 612 1254 atque
632 1213 664 1244 in
685 1224 723 1245 ea
743 1214 811 1245 loca
831 1214 965 1255 collegit,
986 1225 1048 1245 non
1070 1215 1165 1245 habet
1185 1215 1268 1245 unde
1291 1218 1347 1245 aut
1367 1215 1534 1245 moerentis
1555 1215 1700 1246 fortunae
1720 1214 1772 1246 ad-

259 1272 385 1303 modum
407 1273 543 1303 insultus
564 1275 759 1312 expavescat,
780 1274 836 1303 aut
851 1272 979 1303 ferentis
996 1273 1016 1290 ¹¹
1037 1273 1117 1303 ictus
1138 1283 1326 1313 magnopere
1340 1274 1463 1305 sentiat.
1485 1273 1544 1305 Sed
1559 1274 1599 1305 ad
1620 1276 1652 1306 te
1668 1275 1770 1308 redeo.

258 1329 381 1361 caeteri
392 1330 414 1347 ¹²
433 1340 579 1370 namque,
609 1340 680 1360 cum
702 1329 837 1370 primum
867 1329 987 1370 prolem
1008 1329 1190 1370 suscipiunt,
1222 1331 1363 1369 protinus
1390 1330 1474 1361 domi
1498 1331 1656 1371 incipiunt
1676 1343 1770 1364 avare

260 1397 397 1426 parcere,
419 1387 492 1419 foris
514 1388 606 1418 anxie
625 1397 788 1427 quaerere,
810 1397 872 1418 non
890 1387 956 1427 jam
978 1387 1036 1417 sibi
1056 1387 1181 1418 delicias
1203 1397 1326 1427 parare,
1358 1388 1412 1419 sed
1432 1398 1505 1428 opes
1526 1388 1608 1419 natis
1628 1389 1770 1429 posteris-

259 1454 320 1484 que
341 1455 539 1485 congregare.
562 1444 609 1475 Tu
629 1448 746 1481 autem,
767 1447 909 1485 suscepto
930 1445 1030 1484 primo
1050 1444 1124 1481 filio,
1153 1445 1206 1484 qui
1228 1445 1380 1476 hactenus
1401 1445 1560 1477 modestus
1575 1447 1596 1463 ¹³
1627 1446 1723 1478 fueris
1737 1447 1768 1484 ¹⁴,

260 1502 407 1542 prodigus
429 1512 494 1533 esse
512 1503 579 1542 jam
601 1502 736 1542 coepisti.
760 1502 841 1542 Ergo
861 1502 920 1532 tibi
940 1502 1079 1533 nascitur
1100 1502 1193 1538 filius,
1215 1505 1247 1533 et
1266 1505 1301 1533 tu
1315 1502 1471 1540 aedificas,
1493 1503 1588 1543 idque
1602 1504 1643 1534 ad
1664 1504 1769 1543 volup-

257 1562 366 1596 tatem,
388 1560 478 1590 homo
499 1560 577 1590 alias
596 1570 659 1591 non
680 1560 765 1590 dives
786 1560 845 1590 nisi
866 1560 963 1590 animi
985 1561 1080 1599 (quae
1101 1569 1150 1590 res
1165 1560 1230 1590 sine
1246 1560 1338 1591 rebus
1352 1560 1460 1600 ingens
1474 1564 1643 1601 paupertas
1660 1562 1731 1601 est),
1748 1562 1769 1578 ¹⁵

258 1626 315 1647 nec
336 1617 410 1648 satis
432 1620 488 1648 aut
510 1617 698 1657 quaerendis
718 1617 858 1648 intentus
879 1619 936 1648 aut
956 1627 1068 1657 parcus
1082 1617 1114 1647 in
1129 1618 1285 1657 quaesitis.
1308 1617 1374 1648 Hoc
1395 1620 1500 1649 autem
1514 1628 1585 1649 cum
1600 1619 1646 1650 ita
1661 1629 1768 1659 arguo,

260 1684 320 1705 non
341 1677 450 1705 contra
470 1677 578 1705 tamen
598 1684 717 1711 moneo,
738 1677 775 1705 ut
795 1675 926 1714 cupidus
946 1684 1011 1705 esse
1032 1674 1170 1714 incipias.
1193 1674 1274 1706 Nam
1290 1685 1391 1714 neque
1412 1675 1536 1706 illorum
1558 1676 1654 1715 probo
1676 1676 1769 1707 ratio-

260 1742 341 1768 nem,
363 1732 427 1771 qui,
449 1733 534 1762 aucti
549 1732 570 1748 ¹⁶
590 1732 687 1772 prole,
702 1732 840 1763 habendi
855 1732 950 1763 etiam
965 1734 996 1763 et
1010 1732 1184 1772 quaerendi
1200 1733 1373 1772 cupiditate
1386 1736 1542 1773 augentur
1558 1735 1586 1764 ¹⁷.
1607 1733 1668 1765 Sed
1689 1733 1769 1764 bene

260 1789 341 1819 habe
356 1807 393 1811 --
409 1789 438 1825 ¹8,
461 1792 496 1820 ut
512 1789 690 1829 opulentius
705 1789 867 1829 aliquanto
890 1789 1113 1829 patrimonium
1134 1790 1385 1821 transmittamus
1402 1790 1423 1807 ¹⁹
1444 1790 1485 1821 ad
1505 1793 1651 1830 posteros,
1673 1791 1769 1822 etiam

261 1846 356 1876 nullis
378 1846 558 1877 extantibus
579 1846 687 1877 liberis
708 1850 764 1878 aut
785 1847 932 1887 proximis
952 1847 1084 1887 agnatis,
1105 1858 1199 1887 quam
1215 1848 1238 1864 ²⁰
1259 1848 1317 1887 ipsi
1339 1858 1357 1878 a
1379 1847 1550 1887 majoribus
1570 1848 1667 1878 nostri
1687 1858 1773 1879 acce-

260 1904 369 1942 pimus
387 1922 424 1926 ——
439 1904 619 1935 extantibus
641 1914 721 1941 vero,
737 1906 773 1935 ut
785 1904 830 1935 ita
844 1904 1070 1944 provideamus,
1087 1914 1136 1941 ne,
1151 1907 1255 1936 aetate
1270 1904 1405 1942 infirma,
1419 1905 1458 1936 ob
1472 1905 1608 1945 inopiam
1622 1905 1668 1936 rei
1683 1905 1770 1936 fami·

255 1960 350 1998 liaris
364 1960 563 1992 illiberaliter
577 1962 704 1992 educari
724 1962 894 2002 contingat,
909 1961 963 1992 sed
980 1963 1015 1992 ut
1030 1961 1176 1993 honestas
1191 1965 1275 1993 artes
1296 1965 1327 1993 et
1347 1962 1434 2002 sequi
1449 1965 1480 1994 et
1495 1963 1618 2002 assequi
1633 1965 1765 2003 possent.

268 2066 273 2080 ¹
296 2064 356 2092 PM.
376 2064 424 2092 Eas
443 2065 501 2092 hoc.
521 2064 639 2092 Avverte
659 2067 722 2098 pero
741 2064 791 2092 che
810 2064 851 2092 tre
870 2064 912 2092 dei
931 2064 992 2093 suoi
1039 2066 1050 2082 ⁹
1074 2063 1232 2100 Quoqzcam,
1252 2065 1286 2092 ad
1306 2065 1387 2092 alcun
1401 2064 1493 2100 luogo,
1507 2072 1630 2100 quoquo,
1648 2064 1678 2092 in
1699 2072 1772 2100 qua-

289 2108 375 2136 codici
394 2116 517 2136 avevano
536 2108 606 2143 Eja.
1066 2109 1169 2144 lunque
1188 2109 1278 2146 luogo.
1299 2109 1353 2136 ΡΡ.
1372 2117 1485 2144 quoque

265 2154 276 2170 ’ἰ
295 2153 349 2181 ΡΡ.
369 2153 436 2181 inde
454 2161 501 2188 per
520 2153 582 2181 vide
1027 2155 1048 2171 ¹0
1068 2154 1114 2182 ΒΓ.
1134 2154 1165 2182 Π
1185 2162 1199 2182 e
1217 2154 1272 2182 ΡΡ.
1291 2153 1518 2189 consumendum

265 2199 274 2215 ³
293 2198 345 2225 Nei
365 2198 452 2227 codici
471 2198 500 2226 in
513 2200 662 2227 senectute.
682 2198 742 2227 PM.
762 2199 851 2227 sci-ive
870 2199 901 2227 in
921 2207 990 2227 mar·
1028 2199 1047 2217 ¹¹
1069 2198 1124 2226 ΡΡ.
1145 2198 1275 2231 furentis

288 2243 352 2278 gine
371 2243 403 2270 in
414 2244 585 2271 senectutem
1029 2243 1051 2260 ¹²
1070 2243 1101 2271 R.
1126 2242 1204 2272 Certi

263 2287 274 2305 ⁴
292 2287 345 2315 Nei
358 2287 445 2315 codici
460 2287 576 2315 morbus
593 2289 698 2322 torpor.
713 2288 774 2316 ΡΜ.
788 2289 880 2316 morbi
894 2290 992 2323 tovpor
1029 2288 1051 2306 ¹³
1070 2287 1129 2316 Hie
1147 2288 1251 2315 desinit
1272 2287 1339 2317 ΟΜΖ,
1361 2288 1490 2317 Brunac.
1509 2296 1573 2324 pag.
1592 2287 1627 2316 86
1645 2288 1664 2316 t.

292 2332 337 2359 ΒΥ.
352 2339 414 2367 pag.
428 2331 462 2359 52
480 2340 494 2359 e
507 2331 568 2359 PM.
587 2334 722 2360 eteorum
738 2333 869 2361 ommibus
882 2334 990 2367 utpro-
1027 2332 1048 2350 Η
1068 2332 1123 2360 ΡΡ.
1143 2332 1229 2365 fuisti

286 2377 329 2404 sit.
350 2376 410 2404 PM.
429 2379 493 2410 pero
511 2378 578 2404 nota
597 2376 646 2404 che
658 2376 731 2404 altro
751 2377 844 2405 codice
863 2377 900 2404 ha
918 2377 989 2412 opti·
1027 2377 1048 2395 ¹⁵
1067 2376 1120 2405 Nei
1140 2377 1227 2405 codici
1247 2385 1328 2405 senza
1348 2377 1375 2405 la
1393 2377 1541 2412 parentesi.

284 2429 328 2448 me
345 2420 519 2455 corporibus.
538 2421 570 2448 R.
590 2422 617 2448 et
634 2421 772 2449 uxoribus
790 2430 850 2449 ozon
862 2421 959 2456 prosit
1024 2422 1046 2439 ’ὅ
1065 2421 1118 2449 Nei
1131 2421 1218 2450 codici
1237 2421 1331 2450 aversi
1349 2429 1363 2449 e
1382 2421 1481 2450 averti.
1500 2421 1577 2450 Ram.
1597 2422 1676 2450 aucti

261 2467 271 2482 ὓ
291 2465 335 2492 Br.
355 2473 418 2500 pag.
443 2464 478 2492 86
497 2466 524 2492 t:
552 2466 639 2492 notus
658 2467 685 2492 et
702 2467 810 2494 ccztctor.
824 2465 869 2493 Gli
882 2465 947 2493 altri
961 2467 987 2494 et
1023 2467 1044 2484 ¹⁷
1063 2466 1109 2494 Br.
1128 2466 1160 2494 R.
1174 2466 1234 2494 PM.
1253 2468 1406 2501 armentur.
1426 2465 1480 2495 ΡΡ.
1499 2467 1644 2502 amentur
1662 2465 1766 2502 anyeri

283 2511 391 2537 ametor.
410 2503 432 2536 Ε
447 2509 550 2544 Orazio,
569 2517 610 2544 ep.
628 2508 677 2538 lib.
696 2509 721 2544 I,
739 2510 790 2543 XI,
809 2519 833 2538 v.
852 2510 895 2539 27.
1056 2509 1220 2545 cupiditate,
1240 2510 1343 2538 sentire
1361 2510 1490 2546 maggior
1508 2510 1643 2539 desiderio

260 2555 269 2571 ⁷
293 2554 425 2586 Tametsi,
455 2562 505 2582 con
537 2554 644 2589 protasi
668 2554 834 2583 sottoiutesa
856 2555 900 2583 nel
919 2562 988 2583 con·
1025 2555 1048 2573 48
1066 2554 1148 2583 Bene
1165 2555 1254 2589 habet,
1273 2555 1317 2583 sta
1334 2555 1411 2583 bene.
1431 2555 1486 2584 ΡΡ.
1506 2555 1564 2584 Sed
1574 2555 1649 2584 bona
1661 2554 1729 2584 haec:

283 2598 355 2626 cetto
369 2606 494 2633 espresso
514 2599 610 2633 prima.
631 2598 662 2626 R.
682 2600 776 2626 tamen
794 2601 821 2627 et
838 2600 863 2628 si
1024 2600 1046 2618 ¹⁹
1065 2599 1120 2626 ΡΡ.
1142 2599 1342 2627 transmittant

257 2644 268 2660 ⁸
292 2642 516 2677 Conmendioszts
535 2642 579 2670 nel
598 2650 680 2671 senso
700 2642 727 2670 di
746 2643 821 2679 utile,
840 2644 944 2673 adatto.
1021 2645 1044 2662 ³⁰
1063 2643 1122 2672 PM.
1143 2644 1280 2678 quoniam
1299 2651 1347 2679 per
1366 2652 1456 2679 quam
