1845 3076
188 159 245 189 196
710 163 714 166 ·
825 164 850 186 P.
872 164 898 186 P.
920 162 1068 186 vsmsmo

187 250 343 291 appellem
356 251 373 280 ¹.
396 249 583 281 Gravissimo
604 249 712 289 itaque
733 248 864 279 crimine
885 247 1052 278 damnatus
1073 247 1150 278 mihi
1170 247 1286 285 videor,
1302 247 1387 288 quod
1398 247 1418 284 ²,
1440 258 1459 278 a
1479 249 1521 284 te,
1543 247 1602 279 tali
1622 247 1699 285 viro,

186 308 220 339 in
244 307 379 339 amicum
401 307 520 338 electus
535 308 568 337 et
582 306 628 337 ita
642 315 765 346 semper
786 315 805 336 a
824 307 857 336 te
877 304 1066 345 appellatus,
1087 305 1142 345 qui
1161 315 1202 336 ne
1227 304 1356 345 quidem
1380 304 1466 336 inter
1486 304 1648 336 adseclas³
1668 306 1702 336 et

187 374 291 396 servos
319 363 559 395 connumerari⁴
580 362 674 403 digne
696 373 830 403 possum,
856 362 998 394 debitum
1025 363 1102 394 mihi
1129 372 1243 394 munus
1274 362 1476 403 neglexerim.
1507 361 1589 401 Quid
1616 362 1700 394 enim

189 423 247 453 aut
266 421 426 453 honestius
447 423 557 460 optare
571 421 750 460 potuissem,
775 423 833 452 aut
856 420 1018 461 gloriosius
1046 420 1227 461 contingere
1249 419 1347 451 mihi⁵
1366 422 1478 460 posset,
1499 430 1595 460 quam
1616 420 1702 460 quod

192 479 304 520 dignus
317 481 374 509 tua
390 477 622 509 existimatione
631 477 816 518 judicarer?
834 477 874 509 Et
887 478 898 494 ⁶
915 477 1066 518 judicasti
1087 477 1215 518 quidem
1229 477 1269 509 de
1284 487 1334 508 me
1349 487 1472 517 semper
1485 477 1608 519 egregie
1617 477 1637 508 ⁷.
1650 502 1656 508 .
1671 501 1678 508 .
1690 501 1698 508 .

876 691 1012 722 CXXIX,

633 757 822 789 SANCTO
857 758 919 788 DE
954 756 1257 788 PEREGRINIS

699 805 805 856 PADUAE
826 833 887 855 vm.
910 832 977 855 ΚΑΒ.
1000 833 1084 855 FEBR.
1110 824 1194 855 1395.

586 891 651 926 (ΒΓ.
665 900 697 926 p.
716 892 776 924 30,·
795 907 828 910 —
848 891 920 919 PM.
939 899 960 919 c.
981 892 1038 923 94;
1059 907 1090 911 —
1112 891 1174 920 PP.
1194 900 1222 918 τι.
1241 892 1304 926 26.)

274 963 398 999 Vereor,
426 972 474 999 ne,
503 964 671 1002 postquam
697 961 867 1002 majoribus
888 962 1020 1002 negotiis
1040 962 1211 1002 implicitus
1231 972 1274 999 es,
1295 965 1328 994 et
1348 962 1381 993 in
1406 962 1517 994 altiore
1545 963 1611 994 loco
1637 972 1706 995 oon-

192 1022 332 1057 stitutus,
353 1020 487 1050 amicum
508 1019 588 1050 nihil
607 1029 704 1051 cures
729 1019 855 1050 Solebas
876 1029 959 1050 enim
979 1019 1065 1059 prius
1086 1019 1203 1057 literas,
1225 1020 1316 1060 quae⁸
1337 1020 1507 1052 amicorum
1528 1020 1707 1052 absentium

192 1078 329 1118 primum
350 1087 463 1108 munus
484 1079 538 1115 est,
562 1079 593 1108 et
613 1077 738 1108 crebras
759 1079 791 1108 et
811 1077 917 1116 plures
939 1077 1024 1114 dare,
1045 1077 1159 1117 quibus
1180 1080 1213 1108 et
1234 1087 1283 1108 res
1302 1080 1334 1108 et
1354 1079 1471 1109 statum
1490 1080 1580 1109 tuum
1599 1087 1708 1118 cogno-

193 1146 279 1167 scere
291 1136 302 1151 ’ζ’
323 1135 441 1166 liceret.
464 1134 555 1166 Nune
576 1145 678 1174 neque
698 1134 788 1166 video
807 1134 1049 1175 lite1¹as,‹neque
1071 1135 1221 1166 mandata
1242 1135 1308 1166 ulla
1324 1145 1342 1166 a
1357 1138 1389 1166 te
1403 1135 1511 1166 habeo.
1533 1134 1565 1166 Si
1579 1145 1708 1175 occupa-

192 1194 277 1224 tione
300 1194 452 1233 majorum
468 1192 662 1232 negotiorum
677 1192 735 1223 hoe
747 1192 814 1229 fiat,
829 1192 914 1223 loeus
928 1194 976 1224 est
990 1192 1095 1224 veniae.
1108 1192 1162 1224 Sin
1174 1192 1269 1230 fastu,
1285 1211 1324 1214 —
1339 1192 1422 1233 quod
1436 1192 1521 1224 credi
1536 1193 1655 1232 nequit,
1668 1211 1708 1215 —

192 1261 255 1282 non
275 1250 367 1281 facile
388 1249 519 1281 ferenda
540 1249 634 1290 eulpa
655 1252 710 1281 est.
734 1249 837 1280 Multa
858 1249 908 1280 hic
935 1250 974 1280 de
1001 1250 1160 1289 provincia
1181 1249 1237 1281 illa
1262 1250 1419 1287 dicuntur,
1442 1250 1544 1281 multa
1571 1260 1708 1281 murmu-

194 1310 318 1345 rantur,
332 1318 402 1348 quae
416 1318 478 1339 non
492 1307 649 1339 immerito
663 1307 810 1339 sollicitos
826 1317 881 1338 nos
894 1317 1001 1339 omnes
1016 1307 1162 1338 reddunt.
1181 1307 1426 1339 Commentarios
1440 1307 1523 1348 Dyni
1536 1307 1568 1338 in
1584 1307 1710 1349 regulas

199 1366 239 1397 VI
260 1366 342 1403 libri,
365 1366 412 1397 uti
433 1366 511 1397 alias
532 1365 651 1405 scripsi,
667 1365 812 1396 dominus
829 1365 1010 1396 Franciseus
1031 1365 1070 1395 de
1091 1364 1261 1396 Zabarellis
1276 1365 1352 1397 emit
1366 1375 1423 1405 pro
1438 1368 1478 1396 te.
1494 1365 1632 1396 Dueatos
1647 1367 1712 1396 tres

194 1423 292 1455 dabit.
316 1424 379 1464 Ego
399 1423 515 1454 librum
538 1422 627 1454 illum
649 1423 758 1454 habeo.
782 1422 913 1461 Quando
924 1423 945 1439 ¹⁰
971 1424 1002 1453 et
1023 1432 1081 1462 per
1107 1433 1201 1462 quem
1229 1422 1318 1453 illum
1346 1422 1523 1454 transmitti
1543 1422 1602 1454 tibi
1622 1422 1708 1461 velis,

196 1481 341 1512 rescribe.
364 1481 458 1512 Liber
480 1487 553 1511 tuus
574 1480 607 1510 in
628 1480 736 1521 logica,
764 1480 847 1511 tanti
875 1491 894 1511 a
922 1479 1058 1511 librariis
1085 1480 1290 1516 existimatus,
1312 1480 1406 1511 venit.
1436 1480 1588 1512 Dominus
1614 1479 1710 1511 Fran-

195 1539 292 1570 oiscus
314 1539 345 1569 in
368 1549 429 1569 uno
451 1538 509 1569 tibi
531 1537 667 1569 creditor
688 1540 741 1569 est.
766 1538 886 1569 Literas
908 1538 1009 1578 pridie
1034 1548 1053 1568 a
1074 1538 1225 1578 magistro
1246 1538 1369 1570 Joanne
1391 1540 1498 1569 nostro
1526 1537 1632 1569 habui.
1656 1536 1710 1568 Nil

195 1596 292 1636 igitur
312 1606 436 1635 queror.
458 1595 544 1626 Vale.

893 1718 1012 1749 CXXX.

867 1795 889 1815 s.
919 1785 947 1815 d.
977 1794 1002 1815 e.
1032 1784 1049 1814 i.

531 1852 595 1882 (Er.
610 1862 642 1887 [ι.
662 1854 700 1879 70
720 1855 737 1879 t.
753 1854 791 1880 ¹¹:
811 1868 841 1871 —
862 1852 934 1880 PM.
953 1860 974 1879 c.
996 1852 1052 1878 133
1072 1853 1106 1880 l..·
1127 1867 1160 1870 ——
1180 1851 1242 1879 PI'.
1262 1860 1290 1878 η.
1310 1852 1388 1884 117.)

279 1922 335 1953 Nn·
348 1922 486 1963 insignis,
501 1922 685 1959 existimavi,
702 1922 748 1952 ita
763 1921 848 1962 apud
862 1924 892 1952 te
909 1922 1092 1952 exsuscitari
1105 1932 1191 1961 posse
1206 1921 1387 1952 memoriam
1399 1920 1497 1952 nostri
1508 1920 1579 1950 situ
1591 1919 1712 1959 aliquid

201 1991 220 2010 a
241 1980 365 2011 domino
386 1980 409 2011 F
412 1981 550 2012 rancisco
571 1980 733 2012 habuisses
757 1983 787 2012 et
809 1991 865 2020 ego
887 1980 927 2011 ad
948 1984 979 2011 te
1002 1980 1090 2010 illum
1112 1980 1270 2011 misissem.
1294 1980 1343 2011 Ita
1359 1980 1442 2011 enim
1464 1989 1588 2011 necesse
1611 1982 1658 2010 est
1677 1981 1713 2010 ut

197 2038 361 2077 utriusque
382 2041 522 2068 nostrum
545 2038 730 2069 memineris
752 2037 863 2077 Neque
878 2038 909 2067 id
925 2038 1050 2077 quidem
1069 2037 1152 2077 quod
1166 2038 1186 2054 ¹²
1207 2038 1390 2077 suspicarer,
1407 2037 1554 2068 excidisse
1576 2047 1632 2068 nos
1647 2036 1714 2075 tibi,

200 2096 254 2135 qui
272 2106 332 2125 non
352 2095 442 2126 niodo
460 2095 640 2129 amicorum,
652 2095 706 2125 sed
726 2105 765 2125 ne
788 2095 882 2127 ullius
899 2095 1026 2135 quidem
1043 2098 1147 2133 (tanta
1163 2099 1211 2126 est
1226 2096 1257 2125 in
1273 2098 1304 2126 te
1319 2095 1474 2126 memoria*
1490 2095 1558 2134 vis),
1571 2095 1680 2134 dequo
1693 2094 1714 2111 ¹³

203 2152 251 2183 vel
272 2152 367 2183 semol
389 2153 511 2193 legeris,
534 2156 589 2183 aut
614 2152 759 2185 audieris,
784 2152 921 2183 oblivisci
944 2152 1031 2186 soles,
1057 2153 1111 2183 sed
1136 2153 1219 2192 quod
1243 2153 1424 2192 aliquando,
1450 2155 1486 2183 ut
1510 2151 1715 2192 praesentibus

200 2210 297 2242 nobis.
319 2210 466 2249 cogitatio
487 2213 542 2240 tua
563 2210 602 2239 de
624 2210 711 2240 nobis
734 2210 934 2240 excitaretur.
966 2210 1041 2240 Eece
1068 2210 1165 2249 igitur
1194 2210 1284 2241 mitto
1313 2210 1352 2240 acl
1374 2213 1406 2240 te
1426 2209 1511 2240 illius
1537 2209 1713 2249 epistolam,

201 2277 306 2307 quanu
328 2270 357 2298 et
381 2277 495 2307 magna
516 2267 658 2298 doctrina
680 2270 711 2297 et
732 2269 846 2297 ornatu
872 2266 971 2298 multo
1000 2267 1159 2304 refertam,
1186 2267 1226 2298 ad
1254 2267 1387 2306 probum
1416 2267 1517 2297 virum
1544 2265 1715 2297 Antonium

213 2343 219 2359 ¹
240 2342 318 2370 Rani.
338 2342 478 2378 appellum
990 2344 1000 2356 ἦ
1022 2342 1072 2370 Not
1092 2342 1177 2370 codici
1199 2342 1275 2376 wod

212 2387 222 2403 2
243 2387 297 2415 Pi).
317 2388 387 2421 quia
990 2390 1000 2405 ῃ
1021 2387 1073 2416 ΡΡ.
1094 2395 1247 2422 assuescere

211 2433 222 2447 ²¹
239 2430 291 2458 Nei
312 2431 397 2458 codici
417 2431 531 2459 asseclas
981 2433 1002 2449 ¹0
1023 2432 1082 2458 PM.
1102 2441 1200 2466 quare.
1222 2432 1276 2459 PP.
1296 2440 1388 2466 quem.
1408 2431 1454 2459 ΒΓ.
1473 2434 1522 2466 φῖ·

213 2476 223 2492 ⁴
242 2476 287 2503 ΒΓ.
308 2475 368 2503 PM.
388 2477 632 2504 connumemries.
654 2477 707 2505 Pi’.
723 2485 940 2505 connumerare.
980 2478 998 2494 ¹¹
1020 2476 1061 2504 La
1080 2484 1144 2511 pag.
1165 2475 1199 2503 70
1218 2483 1315 2504 manea
1334 2484 1389 2508 ora,
1403 2475 1437 2503 ed
1449 2484 1495 2504 era
1507 2475 1619 2511 quando
1632 2482 1718 2503 anno-

237 2520 314 2548 Ram.
335 2528 558 2548 connwnerares
1012 2521 1077 2548 tara
1096 2521 1157 2549 PM.
1177 2529 1191 2547 e
1210 2520 1286 2549 Ram.
1308 2520 1328 2547 il
1348 2521 1468 2548 Beretta.

214 2566 225 2582 5
243 2565 320 2592 Ram.
340 2572 423 2592 senza
442 2564 514 2592 mim·
982 2566 1003 2582 ¹²
1023 2565 1074 2593 Nei
1094 2564 1180 2592 codici
1200 2574 1254 2599 qno

213 2610 224 2625 ’ἲ
245 2609 299 2637 PP.
319 2610 352 2636 ut
981 2611 1002 2627 ¹³
1022 2610 1073 2638 Nei
1092 2609 1179 2637 codici
1199 2618 1297 2637 :nantia
1316 2609 1349 2637 de
1367 2618 1423 2644 quo

215 2655 225 2670 ⁷
244 2653 342 2681 Manca
363 2654 381 2681 il
402 2656 474 2682 resto
