1845 3076
775 177 909 200 eris-rona
1541 169 1599 200 207

85 265 219 296 orationi
235 274 310 296 meac
326 264 419 295 finem
442 264 563 299 faciam,
584 265 615 293 te
635 273 689 293 oro
710 264 807 301 atque
828 260 916 291 illam
944 262 1042 301 ipsam
1068 262 1299 293 humanitatem
1320 265 1351 292 et
1373 261 1600 301 benignitatem

86 322 194 353 tuam¹
217 321 352 357 obsec-ro,
375 324 409 351 ut
430 320 517 351 illam
538 320 569 350 in
593 319 732 351 amicitia
754 323 892 351 veterem
907 319 1094 350 sententiam
1110 319 1276 349 imiteris2:
1302 318 1343 349 Eo
1367 328 1471 349 amore
1488 322 1519 350 et
1550 318 1600 349 be-

87 379 265 410 nevolentia
286 387 334 409 me
356 378 455 417 ipsum
476 386 673 417 prosequere,
696 387 757 417 quo
778 377 808 409 in
830 380 861 407 te
880 385 1000 407 summe
1015 375 1139 407 afficior.
1154 375 1241 414 Quod
1259 375 1283 406 si
1298 386 1317 406 a
1330 385 1379 407 me
1395 375 1599 415 impetratum

86 435 191 471 fuerit,
213 445 309 475 quum
343 445 403 465 non
436 434 511 465 satis
532 434 644 474 dignas
664 443 783 474 possem
812 434 930 464 referre
950 433 1076 473 gratiaS,
1097 432 1208 463 saltem
1230 432 1314 472 quod
1336 442 1438 463 meum
1461 435 1517 469 est,
1539 432 1598 462 hoc

87 502 207 532 corpuS,
229 492 310 523 hanc
331 492 431 531 ipsam
453 492 590 523 animam
606 501 708 522 meam
725 501 787 522 una
801 501 871 521 cum
893 494 948 521 tuo
969 490 1119 521 beneficio
1140 490 1262 521 dedam.
1286 489 1418 529 'sibique
1440 489 1597 529 polliceor,

86 553 118 581 te
140 549 265 589 majoris
285 549 390 585 studii,
411 558 503 585 curae,
524 549 666 579 caritatis
686 558 761 587 erga
773 551 815 586 te,
837 549 863 579 si
885 557 934 578 me
954 547 1056 587 ipsum
1072 546 1236 586 complecti
1260 547 1393 578 volueris
1417 547 1601 578 habiturum

86 616 153 638 esse
166 607 330 637 neminem.
346 606 406 637 Sed
419 606 451 636 in
468 606 527 637 hac
547 608 655 637 nostra
676 605 815 636 amicitia
835 614 926 645 agam
941 608 978 636 ut
991 605 1072 635 senis
1089 604 1230 635 avaritia.
1253 604 1320 641 Quo
1342 604 1444 635 minus
1465 604 1521 634 viae
1544 607 1599 640 est,

86 674 122 695 eo
136 664 205 704 plus
221 664 336 695 viatica
347 664 358 680 ³
373 663 495 703 quierit.
521 662 587 702 Quo
601 662 673 693 olim
691 663 722 692 in
738 667 795 693 tua
809 662 912 702 gratia
930 665 961 692 et
979 661 1200 693 benevolentia
1214 661 1316 692 minus
1331 661 1431 698 extiti,
1446 671 1482 692 eo
1501 661 1600 701 magis

87 731 193 753 omnes
208 721 343 752 rationes
358 724 454 760 atque
469 720 612 751 amicitiae
628 720 835 751 fundamenta
852 723 1003 759 repetam,
1026 722 1061 749 ut
1082 718 1152 749 aliis
1172 718 1218 749 vel
1239 719 1381 758 superior
1404 718 1451 749 vel
1469 717 1599 758 aequalis

86 779 143 809 sim
160 779 296 810 futurus.
311 778 358 809 Tu
373 778 464 809 velim
487 781 642 818 postremo
662 778 708 808 ita
722 780 876 808 statutum
897 777 1023 813 habeas,
1045 786 1094 806 me
1116 776 1162 807 tui
1185 775 1366 806 memoriam
1387 785 1456 806 cum
1478 785 1601 806 summa

89 835 308 867 benevolentia
333 838 442 866 tenere
455 836 473 873 ⁴,
508 838 643 875 tuasque
668 844 773 865 omnes
799 844 847 865 res
869 844 928 864 non
955 833 1082 864 minoris
1104 833 1177 863 mihi
1200 842 1283 863 curae
1304 841 1368 863 esse
1389 842 1484 871 quam
1507 842 1599 862 meas.

90 892 170 924 Vale
194 896 226 924 et
246 902 296 923 me
317 892 418 932 ipsuni
439 891 542 932 dilige.

751 1106 930 1138 CXXXVII.

607 1181 825 1213 IOANNES
860 1180 1091 1212 ΙίᾼΥΕὶῖΑὴ1

638 1258 672 1288 Ρ.
694 1258 724 1288 P.
752 1257 953 1289 VERGERIO
973 1258 1001 1289 S.
1024 1257 1058 1288 D.

570 1324 686 1352 nisena,
719 1323 816 1346 lnlBUS
842 1323 1024 1346 snprnnssms
1052 1316 1128 1345 1395

481 1382 546 1418 (ΒΓ.
562 1392 592 1417 11-
612 1383 671 1415 23⁸st
692 1398 723 1401 —
746 1382 815 1410 PM.
835 1392 855 1409 e.
878 1383 954 1409 1:21:
976 1398 1007 1400 —
1031 1381 1091 1410 ΡΡ.
1112 1390 1138 1408 η.
1158 1383 1218 1416 110¹.)

168 1454 312 1485 Dictione
334 1456 391 1484 tua
411 1453 533 1493 quoties
554 1463 603 1483 me
625 1452 773 1492 dignam,
794 1462 855 1483 non
875 1452 976 1483 solum
995 1451 1194 1491 jucunditate
1216 1451 1326 1487 reficis,
1345 1460 1452 1481 verum
1476 1454 1605 1481 tuorum

90 1510 281 1552 flagrantia5
302 1510 478 1542 studiorum
498 1510 540 1541 ad
561 1510 711 1549 juvenilia
740 1520 788 1541 me
814 1510 929 1541 iterum
955 1509 1059 1540 studia
1086 1509 1219 1540 residem
1245 1508 1340 1539 afficis
1351 1509 1370 1539 ⁵.
1398 1509 1457 1546 lta,
1483 1507 1605 1540 medius

87 1568 192 1607 fidius,
215 1577 286 1599 vere
307 1568 484 1608 serioseque
506 1568 610 1599 omnia
631 1567 792 1604 describis,
814 1570 850 1598 ut
871 1577 932 1598 non
954 1567 1083 1598 auribus
1108 1567 1204 1598 verba
1231 1566 1342 1603 facere,
1368 1567 1421 1597 sed
1449 1567 1603 1607 subjicere

89 1626 174 1666 ipsas
195 1635 245 1656 res
266 1625 364 1656 oculis
385 1625 518 1656 videare.
540 1625 650 1656 Altera
672 1635 744 1656 vero
766 1624 806 1655 ad
826 1625 976 1655 Sanctum
997 1627 1138 1655 nostrum
1161 1624 1292 1664 epistola
1313 1624 1358 1655 ita
1371 1633 1420 1656 me
1435 1625 1552 1664 rapuit.
1567 1628 1604 1655 ut

89 1683 262 1723 sequutas⁷
282 1682 442 1723 Orpheum
457 1683 559 1724 sylvas
573 1683 681 1714 mirari
699 1683 788 1723 jam³⁵
809 1682 959 1713 desinam.
975 1681 1038 1722 Ego
1053 1685 1137 1713 certe
1159 1692 1221 1713 non
1242 1685 1275 1713 te
1296 1682 1387 1714 modo
1408 1692 1530 1722 sequor,
1551 1682 1607 1713 sed

91 1744 215 1772 tantam
235 1740 477 1780 splendidissimi
499 1741 560 1771 oris
580 1743 766 1780 potestatem
787 1740 854 1771 colo
875 1749 912 1770 ac
934 1749 1072 1770 veneror.
1096 1739 1199 1770 Unum
1218 1742 1335 1776 tamen,
1350 1739 1403 1771 sed
1417 1750 1488 1770 cum
1505 1739 1604 1770 veniae

90 1798 332 1838 praenotatione,
346 1797 461 1829 audies.
477 1797 535 1836 Qui
550 1797 694 1838 gratifica
714 1797 854 1829 oratione
874 1800 999 1828 tantum
1021 1797 1135 1828 debere
1157 1797 1306 1837 magistro
1324 1797 1438 1828 Joanni
1455 1797 1607 1836 praedicas

90 1855 151 1887 hac
173 1855 242 1895 ipsa
261 1855 361 1886 literae
383 1859 446 1886 tuae
468 1855 648 1887 laudatione
672 1855 796 1894 (omitto
817 1855 979 1894 sapientiae
999 1855 1198 1894 scientiaeque
1213 1858 1275 1885 tuae
1289 1854 1431 1894 gloriam,
1447 1864 1605 1885 summum

89 1922 218 1944 suorum
235 1913 267 1943 in
282 1916 313 1943 te
328 1913 511 1944 meritorum
524 1913 702 1952 praemium)
719 1912 961 1952 quamtamlibet
973 1912 983 1928 ⁹
998 1912 1200 1943 liberalitatis
1213 1911 1234 1928 ¹⁰
1247 1911 1487 1951 amplitudinem
1504 1921 1607 1942 emere

88 1973 232 2013 potuisti.
255 1972 279 2003 Ο
295 1981 360 2003 sors
374 1982 443 2002 mea
459 1971 571 2008 tenuis,
591 1980 789 2010 przesensque
804 1971 822 1988 ¹¹
845 1970 922 2001 mihi
936 1980 1110 2010 numquam
1127 1974 1162 2000 ut
1177 1969 1322 2000 mallem!
1340 1969 1414 2007 Quae
1430 1979 1468 2000 ea
1482 1969 1563 2000 foret
1576 1969 1607 2006 ¹²,

90 2033 127 2061 ut
148 2031 204 2062 abs
225 2033 267 2067 te,
289 2032 345 2060 aut
365 2029 458 2060 simili
480 2029 534 2068 (sit
555 2028 724 2059 undeunde
735 2028 757 2045 ¹³
779 2028 898 2065 similis,
920 2027 1010 2059 modo
1032 2038 1092 2058 non
1115 2027 1222 2066 absit),
1243 2027 1299 2058 abs
1321 2030 1361 2063 te,
1382 2027 1522 2066 inquam.
1543 2036 1606 2057 non

87 2088 183 2119 hasce
204 2087 323 2128 gratias
344 2086 515 2126 promereri
536 2085 688 2117 valerem!
712 2085 793 2117 Huic
814 2088 898 2117 certe
920 2085 1122 2119 benefactori,
1144 2085 1176 2114 in
1199 2085 1258 2115 hac
1284 2087 1384 2123 parte,
1406 2083 1464 2115 zeli
1484 2083 1605 2123 plenus,

100 2200 107 2216 ¹
129 2199 213 2227 Marc.
232 2201 282 2226 tna
900 2205 956 2224 non
976 2198 989 2223 e
1004 2196 1022 2224 il
1040 2196 1086 2230 piu
1100 2195 1236 2223 naturale.
1253 2196 1301 2223 Del
1317 2198 1390 2223 resto
1401 2195 1421 2222 il
1433 2195 1609 2229 mie-armani

97 2245 107 2261 ‘³
127 2243 212 2272 Marc.
233 2244 326 2271 imites
904 2241 1034 2268 desinam
1049 2243 1062 2268 e
1077 2243 1149 2268 irase
1160 2241 1209 2268 che
1220 2239 1320 2268 rieorre
1331 2239 1378 2274 pin
1396 2239 1468 2267 volte
1482 2239 1527 2266 nei
1541 2240 1612 2266 clas—

97 2290 108 2306 3
127 2288 211 2317 Marc.
230 2288 320 2316 viatici
904 2285 962 2314 sici.
984 2285 1064 2313 Nella
1085 2285 1205 2320 risposta
1229 2284 1257 2311 di
1281 2284 1312 2312 V.
1326 2285 1400 2317 jum.

96 2332 107 2351 ⁴
128 2333 212 2361 Marc.
232 2334 295 2361 tene
876 2331 886 2347 ⁹
907 2330 962 2358 ΡΡ.
982 2329 1194 2364 quantumlibet

96 2379 108 2396 ⁵
126 2377 179 2405 Nei
198 2377 300 2406 codici:
320 2386 439 2405 snorum
460 2377 628 2412 slayrantia„
647 2376 758 2411 ardore3
780 2377 826 2403 Gr.
865 2376 887 2391 ¹*
906 2375 952 2402 ΒΓ.
971 2383 985 2402 e
1005 2374 1060 2401 ΡΡ.
1082 2373 1252 2402 liberalitate

121 2421 213 2456 gratia
866 2420 885 2436 ¹·
907 2419 1042 2446 Prcesens
1060 2427 1108 2453 per
1128 2418 1217 2446 valida

97 2466 108 2483 ⁶
128 2465 175 2493 Gr.
193 2473 252 2492 var.
271 2465 367 2493 allicis
866 2465 887 2482 ¹²
908 2463 994 2496 Quale
1013 2463 1125 2491 sarebbe
1143 2472 1205 2491 essa
1224 2471 1252 2490 se

97 2511 107 2527 “1
128 2509 182 2538 ΡΡ.
201 2511 338 2544 sequutus
866 2510 887 2526 ¹3
906 2508 960 2536 Nei
979 2507 1078 2536 codici:
1099 2508 1150 2536 secl
1168 2508 1250 2542 uncle,
1271 2509 1317 2536 Gr.
1337 2507 1367 2535 in
1387 2506 1520 2542 margine.
1537 2520 1549 2530 «
1563 2507 1610 2534 ob-

97 2555 108 2572 ⁸
126 2554 180 2582 Nei
199 2554 300 2583 codici:
321 2563 388 2582 non.
408 2554 543 2583 Potrebbe
562 2556 636 2581 stare
655 2554 742 2581 anche
756 2561 828 2587 ηοης
901 2562 986 2581 scura
1006 2553 1154 2581 sententia.
1169 2565 1180 2575 »

120 2607 164 2626 ma
184 2598 205 2626 il
224 2606 316 2634 senso,
333 2598 440 2627 diverso
461 2598 566 2633 affatim,
591 2598 639 2626 che
665 2606 698 2625 ne
722 2597 830 2633 risulta,
