1845 3076
301 150 320 180 8
928 158 953 180 Ρ.
975 158 1000 180 Ρ.
1022 157 1170 181 VERGERIO

300 240 359 272 tibi
373 240 512 280 praefert
527 240 601 271 ordo
615 240 685 278 loci,
707 240 783 271 alios
798 240 926 272 fortasse
948 241 1033 272 favor
1047 241 1260 281 principantis.
1282 242 1468 283 Mutataque
1483 245 1574 281 sorte,
1594 254 1692 283 quum
1707 246 1802 276 antea

300 297 334 328 in
354 297 511 328 auditorio
531 307 629 328 unum
649 298 750 328 virum
769 299 802 328 te
823 307 929 328 omnes
949 298 1157 337 intuerentur,
1183 309 1266 329 nunc
1286 299 1318 329 in
1339 299 1456 339 palatio
1476 300 1508 331 in
1528 301 1629 331 virum
1650 300 1747 332 alium
1767 302 1800 332 te

301 365 371 385 cum
393 354 522 385 caeteris
543 353 706 385 intendere
726 354 913 394 opportebit.
944 354 1074 392 Deinde,
1097 364 1166 385 cum
1186 355 1252 386 sine
1273 355 1344 386 ullis
1376 357 1581 388 exterioribus
1601 357 1800 396 ornamentis,

300 411 364 442 solo
383 411 546 451 splendore
566 412 698 442 nominis
729 414 761 442 et
781 411 923 451 opinione
944 411 1068 442 virtutis
1088 411 1237 443 latissime
1268 413 1411 451 nosceris,
1439 424 1522 444 nunc
1548 414 1605 445 sub
1631 414 1803 454 insignibus

303 468 465 508 dignitatis
485 468 608 506 latebis,
629 479 710 508 quae
724 468 838 499 multos
859 468 1027 508 aliquando
1048 468 1274 508 indignissimos
1294 470 1327 500 in
1348 480 1385 502 ea
1400 471 1581 502 constitutos
1602 473 1803 509 ornaverunt,

302 525 327 555 si
348 525 438 556 modo
458 525 592 565 dignitas
604 528 650 556 est
665 535 745 565 quae
765 526 907 565 pervenit
922 526 930 542 ¹
951 525 991 556 ad
1007 524 1157 565 indignos,
1179 528 1235 557 aut
1255 529 1439 558 ornamenta
1460 527 1521 559 dici
1542 530 1702 559 merentur
1723 538 1804 568 quae

301 582 522 622 indignitatem
536 583 602 623 ejus
623 583 655 613 in
671 593 732 623 (1110
752 585 825 613 sunt
839 582 978 623 cognosci
999 582 1126 613 faciunt.
1150 582 1215 614 Nec
1231 586 1263 614 te
1277 584 1366 621 latet,
1387 587 1506 624 quanta
1519 585 1802 623 insalutationibUS‚

301 639 364 670 sive
385 639 587 671 admittendis
615 640 678 670 sive
699 640 878 677 inferendis,
915 640 955 670 sit
975 640 1125 680 temporis
1143 640 1269 680 jactura
1301 642 1378 681 (qua
1398 641 1542 672 studiosis
1563 641 1651 672 nulla
1672 644 1718 672 est
1738 652 1806 682 gra-

301 696 392 735 vior),
412 699 448 727 ut
468 696 603 727 alterum
623 697 688 727 sine
708 699 783 728 nota
803 697 951 728 infamiae
973 697 1109 728 alterum
1124 697 1189 728 sine
1213 700 1299 728 metu
1314 697 1488 730 offensionis
1510 698 1609 729 vitare
1624 708 1686 729 non
1700 699 1804 738 possis.

301 753 390 784 Adde
412 753 495 794 quod
508 764 592 784 nunc
612 764 684 784 vere
695 754 804 793 incipis
817 764 917 794 egere,
939 764 1010 785 cum
1032 754 1163 785 caeteris
1177 754 1289 785 videris
1309 754 1403 786 ditior
1424 755 1533 786 factus.
1555 756 1643 786 Edax
1657 757 1704 787 est
1718 755 1803 786 enim

303 811 354 842 hic
373 821 458 847 onor,
480 813 511 841 et
532 811 638 842 multis
659 821 696 842 ac
717 811 810 842 variis
824 811 918 842 rebus
933 811 1060 851 indiget,
1084 822 1144 842 non
1159 811 1249 842 modo
1268 814 1304 842 ut
1318 812 1455 843 saturari
1475 813 1530 843 sed
1545 815 1581 843 ut
1595 812 1638 844 ali
1657 812 1806 843 tantum2

307 868 410 908 possit.
434 867 515 899 Nam
536 879 607 899 cum
627 869 743 899 antea3
772 868 876 907 libros,
909 868 1064 908 frugalem
1085 869 1195 908 utique
1216 868 1377 906 familiam,
1404 871 1436 900 et
1455 879 1526 900 eum
1547 870 1600 909 qui
1621 872 1653 901 te
1674 869 1806 901 decebat

302 928 420 956 statum
440 925 577 956 modeste
598 935 635 956 ac
654 925 803 956 decenter
824 926 970 963 nutrires,
992 936 1074 956 nunc
1096 925 1251 956 famulatu
1271 936 1444 964 numeroso,
1467 929 1498 958 et
1519 927 1663 966 equitatu
1684 926 1805 964 decoro,

302 986 334 1013 et
355 982 443 1013 cultu
464 982 598 1022 corporis
618 983 791 1022 splendido,
812 983 1084 1023 suppellectilique
1104 983 1239 1023 pretiosa
1259 993 1335 1023 opus
1355 984 1462 1015 habes.
1495 983 1634 1022 Quorum
1656 983 1807 1015 alimenta

303 1040 461 1080 oportebit
481 1050 537 1079 per
552 1039 767 1079 quotidianam
787 1040 971 1070 instantiam
993 1040 1078 1080 apud
1099 1050 1169 1071 eum
1183 1041 1370 1078 mendicare,
1391 1040 1444 1080 qui
1461 1051 1531 1071 cum
1552 1040 1664 1078 omnia,
1685 1042 1721 1071 ut
1736 1039 1808 1071 dici-

303 1099 365 1134 tur,
386 1097 490 1137 possit,
512 1097 570 1128 hoc
590 1107 688 1128 unum
710 1099 794 1128 certe
814 1107 875 1128 non
898 1099 999 1136 potest
1020 1097 1096 1136 quin
1119 1097 1129 1114 4
1151 1099 1183 1128 et
1204 1098 1269 1137 ipse
1289 1097 1396 1128 multis
1422 1097 1581 1128 interdum
1600 1100 1698 1137 egeat.
1721 1097 1808 1128 Haec

303 1164 373 1186 cum
393 1154 439 1185 ita
453 1154 525 1190 sint,
546 1164 609 1185 non
628 1156 735 1185 tamen
750 1154 938 1194 negaverim,
960 1154 1205 1194 pulcherrimum
1222 1164 1286 1185 esse
1306 1155 1339 1184 in
1353 1164 1388 1185 eo
1403 1154 1530 1195 collegio
1551 1154 1678 1192 versari,
1698 1155 1731 1185 in
1744 1164 1804 1194 quo

303 1211 342 1242 de
364 1211 491 1242 summis
513 1221 549 1242 ac
570 1211 713 1242 maximis
732 1211 826 1242 rebus
847 1211 929 1242 orbis
950 1213 1107 1241 terrarum
1127 1214 1249 1251 agatur,
1270 1212 1310 1242 ad
1331 1211 1414 1251 quod
1435 1214 1481 1242 est
1501 1222 1610 1251 regum
1631 1211 1806 1242 nationum-

303 1279 364 1309 que
386 1269 424 1299 de
444 1268 506 1298 suis
527 1268 645 1305 litibus,
667 1268 827 1307 causisque
849 1278 1015 1299 concursus
1027 1269 1046 1305 ⁵,
1074 1268 1127 1299 ubi
1155 1268 1394 1299 fundamentum
1414 1271 1460 1300 est
1490 1269 1646 1309 religionis
1667 1278 1703 1299 ac
1730 1268 1805 1299 fidei

305 1328 408 1365 caput.
430 1325 490 1356 Sed
512 1327 544 1356 et
563 1336 628 1356 una
647 1327 702 1363 est,
724 1328 849 1364 praeter
868 1328 1001 1362 caetera,
1015 1335 1095 1365 quae
1116 1328 1241 1356 cunctos
1262 1325 1369 1363 allicit,
1391 1328 1422 1356 et
1442 1335 1537 1366 quam
1558 1325 1610 1356 vix
1628 1326 1638 1342 ⁶
1658 1328 1704 1357 est
1725 1325 1805 1365 quis-

306 1393 400 1423 quam
421 1385 487 1413 tam
508 1382 687 1413 moderatus
708 1382 762 1422 qui
776 1382 958 1420 dissimulet,
978 1382 1085 1413 nullus
1106 1385 1189 1413 certe
1210 1385 1275 1413 tam
1297 1383 1428 1414 demisso
1442 1383 1453 1399 ⁷
1474 1383 1578 1414 animo
1597 1382 1651 1423 qui
1671 1385 1809 1423 respuat,

303 1450 372 1480 spes
393 1440 509 1471 scilicet
529 1440 666 1480 supremi
687 1439 755 1477 loci,
778 1440 818 1470 ad
834 1450 926 1480 quem
948 1440 1006 1470 nisi
1028 1450 1065 1470 ex
1086 1440 1144 1471 hoc
1159 1450 1288 1470 numero
1302 1440 1381 1471 nulli
1402 1442 1458 1471 aut
1473 1440 1537 1471 rari
1558 1439 1725 1471 admodum
1740 1450 1808 1480 pro-

304 1500 477 1529 moventur.
500 1497 611 1537 ltaque
625 1497 755 1537 indigna
775 1497 852 1527 mihi
862 1497 986 1528 videtur
1008 1507 1114 1528 eorum
1127 1497 1286 1537 quaerela,
1308 1497 1360 1537 qui
1374 1499 1501 1537 negant,
1521 1499 1662 1537 tempore
1676 1497 1735 1528 hoc
1750 1506 1807 1528 sua

305 1554 429 1585 subesse
444 1554 584 1594 praemia
604 1554 723 1591 virtuti,
745 1556 801 1585 aut
816 1564 877 1585 non
899 1554 972 1585 satis
992 1554 1129 1594 amplam
1143 1554 1189 1584 illi
1203 1554 1396 1585 contendunt
1411 1554 1600 1594 propositam
1620 1553 1806 1591 mercedem,

306 1611 432 1652 quando
453 1611 519 1642 sine
534 1611 608 1642 ullis
622 1612 776 1653 majorum
791 1611 987 1651 imaginibus,
1009 1611 1074 1642 sine
1088 1611 1208 1651 opibus,
1230 1612 1296 1642 sine
1310 1611 1376 1642 ulla
1390 1611 1539 1651 potentia,
1560 1610 1626 1642 sola
1641 1611 1806 1642 nobilitate

304 1670 438 1707 virtutis,
470 1679 541 1700 eum
562 1669 724 1709 dignitatis
745 1669 909 1709 gradumss,
941 1669 996 1708 qui
1015 1669 1133 1708 primus
1156 1671 1201 1699 est
1233 1669 1315 1700 inter
1336 1668 1485 1706 homines,
1512 1668 1641 1708 adipisci
1668 1669 1805 1708 possunt.

307 1727 420 1758 Unde⁰
452 1727 553 1757 felicia
582 1727 651 1766 quis
678 1726 757 1757 dixit
778 1729 885 1757 nostra
914 1728 1066 1765 tempora,
1099 1728 1129 1757 et
1150 1725 1252 1757 felicia
1282 1726 1408 1766 quidem
1429 1728 1539 1761 essent,
1565 1725 1591 1756 si
1612 1725 1668 1756 soli
1698 1724 1808 1756 virtuti

306 1784 445 1815 daretur.
477 1783 595 1815 Verum
616 1783 690 1823 quia
711 1794 801 1815 nemo
832 1783 921 1814 illum
941 1785 1042 1823 potest
1063 1783 1121 1814 sibi
1141 1783 1200 1823 ipsi
1220 1786 1390 1823 praestare,
1418 1783 1566 1814 virtutem
1587 1785 1702 1820 autem,
1722 1781 1808 1813 unde

306 1843 454 1879 meretur,
476 1843 637 1880 praestare
657 1841 696 1872 de
711 1851 743 1872 se
758 1841 887 1880 quisque
903 1843 1013 1880 potest,
1034 1840 1173 1880 quisquis
1195 1850 1266 1871 eum
1281 1840 1373 1881 digne
1393 1842 1503 1872 nactus
1524 1842 1570 1871 est
1583 1839 1653 1879 plus
1666 1838 1810 1880 profecto

306 1898 465 1938 praestitit
485 1909 580 1938 quam
601 1899 729 1938 accepit.
754 1898 839 1930 Vale.

314 2027 321 2044 ¹
344 2026 396 2054 Nei
415 2026 501 2054 codici
511 2026 649 2061 provenit
1085 2027 1096 2044 5
1115 2026 1192 2054 Ram.
1211 2033 1364 2054 conversus

313 2072 325 2089 ²
344 2070 398 2099 ΡΡ.
416 2079 476 2098 non
1083 2072 1094 2088 ⁶
1113 2070 1158 2098 Gr.
1178 2070 1308 2105 quamvis

314 2116 325 2133 ³
346 2114 379 2142 Di
392 2115 439 2150 qui
453 2114 587 2143 comincia
605 2115 627 2143 il
646 2114 809 2144 srammento
829 2116 856 2143 di
870 2117 966 2151 questa
984 2115 1039 2143 let-
1084 2116 1095 2132 ⁷
1115 2114 1149 2142 In
1169 2115 1216 2149 piu
1235 2113 1320 2142 codici
1339 2114 1454 2142 dimisso

340 2161 400 2188 tera
418 2160 466 2188 che
485 2160 509 2188 si
526 2160 607 2196 legge
626 2169 643 2188 a
661 2168 724 2196 pag.
743 2160 777 2188 81
797 2160 839 2188 del
858 2161 904 2188 Β1·.
1086 2160 1096 2178 ⁸
1114 2159 1155 2187 Sc.
1175 2159 1324 2194 aequitatis
1333 2158 1444 2194 yradzcs
1463 2159 1514 2186 etc.

314 2205 326 2222 ⁴
345 2204 400 2234 ΡΡ.
419 2205 488 2239 quia
1087 2205 1098 2222 9
1117 2204 1170 2232 ΡΡ.
1191 2203 1257 2231 inde
