1845 3076
764 170 901 194 musrom
1552 162 1591 194 65

778 327 902 359 XLVII.

536 418 711 451 NICOLAO
733 419 786 450 DE
807 419 1126 452 PORTUGRUARIO

790 494 818 525 S.
840 494 869 525 d.

444 568 508 603 (Βν.
523 576 554 603 p.
573 568 633 602 73,·
661 584 688 588 —-
716 568 787 596 PM.
806 577 828 597 c.
848 569 926 602 137,·
951 585 983 589 —
1009 569 1072 598 ΡΡ.
1094 579 1120 598 n.
1141 570 1217 605 135.)

154 637 259 669 Habes
287 638 370 678 quod
391 648 411 669 a
432 648 481 669 me
502 639 609 679 exigis,
636 638 734 670 amice
762 638 930 676 carissime,
958 648 1025 670 rem
1046 639 1146 670 multo
1167 641 1367 680 expctatione
1388 644 1445 672 tua
1464 650 1501 672 ac
1522 641 1584 672 fide

74 694 235 732 minorem,
250 695 366 736 quippe
382 695 456 735 qui¹
480 695 609 726 nimium
623 695 664 726 de
678 706 728 727 me
747 696 932 736 conceperis.
953 695 1031 726 Aliis
1043 696 1054 713 2
1074 696 1182 737 itaque
1204 699 1408 737 persuaseris,
1425 717 1462 721 —
1478 709 1516 730 ex
1536 699 1585 729 his

73 751 173 783 literis
193 762 366 792 cognosces,
395 755 427 783 te
447 752 586 793 aliosque
607 763 644 784 ex
666 755 698 784 te
720 752 814 784 falsos
842 763 917 785 esse.
946 752 1013 784 Hoc
1042 754 1124 785 enim
1149 758 1196 786 est
1218 755 1302 796 quod
1328 765 1462 795 possum.
1490 756 1585 796 Apud

74 808 151 841 alios
171 809 314 850 prodigia
335 819 462 850 quaere.
486 809 526 841 Et
545 809 626 847 vale,
646 819 682 841 ac
703 809 827 842 domino
847 810 962 842 rectori
983 820 1032 842 me
1053 812 1247 843 commenda.

760 1067 900 1099 XLVIII.

276 1160 442 1192 DONATO
463 1161 516 1191 DE
537 1160 833 1193 COMPOSTELLIS
854 1160 1016 1193 VENETO
1038 1161 1066 1193 S.
1089 1162 1125 1193 D.
1148 1161 1379 1203 (VENETIAS)

572 1244 700 1274 PADUAE,
722 1236 816 1267 XX1V³
837 1260 844 1268 .
868 1261 875 1268 .
898 1260 904 1268 .
926 1261 933 1268 .
954 1262 960 1267 .
986 1237 1069 1268 1:391.

439 1311 502 1347 (Βν.
516 1320 548 1347 2).
566 1312 606 1339 63
626 1313 663 1345 t.;
683 1327 715 1332 —
734 1312 807 1340 PM.
827 1321 848 1341 c.
868 1312 947 1346 129;
968 1329 1000 1334 —-
1020 1313 1083 1342 ΡΡ.
1102 1321 1130 1341 n.
1150 1314 1210 1347 21.)

147 1383 254 1415 Habui
274 1394 294 1415 a
313 1385 354 1422 te,
376 1383 423 1414 vir
443 1382 572 1423 insignis
593 1385 624 1413 et
643 1382 742 1414 amice
762 1382 888 1422 optime,
917 1383 1080 1423 epistolam
1102 1386 1284 1424 exoptatam
1306 1385 1391 1423 mihi,
1422 1388 1453 1416 et
1474 1395 1581 1425 expec-

70 1443 171 1473 tatam
187 1440 320 1482 jamdiu,
341 1450 398 1480 per
419 1450 523 1480 quam,
544 1450 625 1477 cum,
640 1440 808 1471 interstitio
828 1439 976 1478 locorum,
990 1442 1070 1472 veris
1084 1441 1181 1473 oculis
1196 1443 1302 1473 videre
1321 1446 1352 1474 te
1368 1453 1430 1474 non
1445 1453 1581 1483 possum,

69 1499 206 1537 auribus,
228 1500 265 1529 ut
281 1499 380 1539 ajunt,
402 1500 434 1528 et
449 1500 554 1529 mente
575 1496 647 1536 vidi,
670 1508 707 1528 ac
720 1508 783 1529 non
804 1497 898 1529 aliter
919 1498 1008 1538 quasi
1024 1508 1060 1529 ac
1073 1499 1098 1529 si
1115 1509 1220 1530 coram
1234 1500 1393 1531 assisteres
1407 1500 1581 1532 delectatus

69 1566 147 1588 sum.
169 1556 284 1593 Habui,
304 1556 443 1596 inquam,
465 1554 629 1595 epistolam
650 1555 727 1585 mihi
749 1555 968 1595 gratissimam,
989 1555 1171 1587 Domcz‘wn⁴¹
1194 1557 1333 1597 undique
1348 1560 1380 1589 et
1393 1567 1534 1590 sermone
1549 1560 1583 1590 et

68 1613 233 1645 affectione
247 1613 451 1650 redolentem,
471 1622 543 1643 eum
565 1611 714 1652 quidem5
728 1613 840 1650 virum,
862 1613 913 1644 cui
933 1613 1032 1644 omnis
1052 1613 1252 1654 eloquentiae
1274 1614 1327 1652 vis
1349 1615 1461 1655 cuique
1482 1615 1582 1647 omnis

69 1671 194 1702 virtutis
213 1673 244 1702 et
265 1670 450 1702 nominatim
471 1669 636 1708 amicitiae,
658 1669 830 1709 plurimum
850 1669 1068 1710 inaequabilis,
1090 1671 1216 1702 cultus6
1235 1672 1327 1704 inest.
1351 1672 1439 1712 Quod
1451 1673 1461 1690 ⁷
1483 1674 1581 1714 igitur

68 1729 222 1770 imprimis
243 1738 381 1766 excusas,
402 1730 434 1759 te
455 1737 518 1759 non
538 1727 739 1768 negligentia,
762 1727 817 1758 sed
836 1728 924 1768 gravi
944 1728 1146 1768 occupatione
1167 1730 1363 1769 negotiorum
1381 1730 1581 1771 publicorum

67 1786 254 1827 impeditum
267 1796 307 1818 ne
322 1785 482 1824 scriberes,
503 1785 594 1816 facile
608 1785 641 1816 id
655 1784 756 1816 credo.
779 1784 911 1816 Nullum
924 1785 1007 1816 enim
1021 1785 1107 1825 apud
1121 1789 1163 1824 te,
1178 1797 1253 1827 erga
1267 1787 1382 1819 amicos
1396 1788 1576 1828 praecipue,

69 1843 279 1885 negligentiae
299 1843 401 1874 locum
422 1844 508 1883 puto,
530 1843 618 1883 cujus
638 1841 864 1880 sollicitudinis,
885 1843 911 1873 si
931 1842 1010 1874 bene
1031 1845 1063 1873 te
1084 1844 1164 1881 novi,
1186 1843 1351 1876 collatione
1365 1845 1385 1883 ⁸,
1411 1845 1511 1877 omnis
1536 1855 1581 1878 so·

68 1900 163 1932 lertia
183 1901 373 1942 negligentia
393 1902 449 1932 est.
470 1900 663 1940 Occupatum
685 1901 791 1931 autem
812 1901 844 1930 et
862 1902 972 1940 sponte
993 1901 1134 1932 deditum
1155 1902 1239 1933 curis
1261 1903 1454 1943 reipublicae
1474 1904 1579 1937 laudo.

69 1958 106 1990 Id
120 1959 203 1990 enim
217 1958 445 1989 sanctissimum
465 1957 613 1995 studium,
634 1967 672 1988 ea
684 1957 897 1998 pulcherrima
911 1968 1006 1998 opera
1021 1962 1076 1996 est,
1098 1969 1179 1999 quae
1194 1959 1241 1990 illi
1256 1960 1458 2000 impenditur.
1475 1961 1578 2000 Quam

68 2016 126 2052 etsi
146 2016 246 2047 virtus
267 2018 299 2047 et
319 2015 418 2047 omnis
445 2017 532 2046 recta
551 2015 632 2046 ratio
649 2015 805 2056 jubeant⁹
833 2025 894 2046 non
915 2016 1018 2047 minus
1038 2019 1145 2048 tamen
1158 2017 1179 2034 ¹⁰
1206 2017 1238 2047 in
1258 2018 1409 2049 invidiam
1429 2029 1526 2059 quam
1545 2020 1579 2051 in

66 2073 199 2114 gloriam
219 2083 320 2114 prona
333 2075 388 2104 est.
411 2072 500 2112 Quod
512 2083 584 2104 vero
599 2083 712 2112 parum
725 2073 744 2090 ¹¹
766 2072 903 2113 eleganti
923 2083 1064 2105 sermone
1085 2084 1176 2106 usum
1196 2078 1228 2106 te
1249 2075 1334 2114 dicis,
1354 2076 1449 2116 idque
1465 2079 1497 2108 et
1516 2079 1579 2109 tar—

69 2130 203 2162 ditatem
222 2130 378 2162 scribendi
399 2130 618 2170 occupationes
633 2132 703 2161 tuas
717 2130 930 2170 praestituisse
941 2131 973 2169 ¹²,
994 2132 1097 2162 nescio
1112 2132 1187 2172 quid
1208 2132 1267 2164 sibi
1281 2133 1356 2164 velit
1371 2133 1449 2165 haec
1468 2135 1577 2167 oratio.

68 2190 134 2220 Aut
154 2189 238 2220 enim
259 2188 338 2219 nihil
365 2187 495 2227 hujusce
515 2186 641 2218 artificii
671 2188 825 2228 accepisse
846 2198 897 2219 me
917 2188 1086 2226 existimas,
1118 2190 1173 2229 qui
1194 2199 1251 2220 nec
1269 2190 1425 2222 sublimen
1445 2191 1487 2223 ab
1507 2192 1579 2224 rudi

66 2246 184 2288 stylum
203 2245 380 2277 discernere
400 2244 522 2285 possim,
536 2263 575 2267 —
590 2247 647 2276 aut
662 2245 789 2276 inanem
809 2246 970 2286 quandam
984 2246 1023 2277 de
1043 2246 1137 2277 rebus
1150 2247 1213 2278 tuis
1234 2247 1495 2280 existimationem
1510 2259 1578 2281 con-

66 2303 162 2335 ficere
182 2303 297 2342 studes
318 2303 373 2343 qui
394 2302 567 2334 orationem
579 2302 600 2320 ¹³
620 2301 712 2341 hanc,
739 2312 836 2343 quam
856 2303 958 2344 quivis
978 2303 1212 2344 quantumlibet
1238 2304 1348 2337 doctus
1367 2315 1505 2346 aequare
1526 2307 1578 2339 vix

79 2398 89 2415 ¹
107 2396 161 2424 Nei
179 2395 266 2424 codici
284 2404 368 2432 quem
850 2397 862 2414 ⁷
881 2396 936 2424 ΡΡ.
956 2397 1028 2432 quid

77 2442 90 2460 ²
107 2441 170 2470 PM.
189 2440 256 2468 Alii
273 2441 299 2470 si
316 2441 413 2476 itaque
854 2441 865 2459 ⁸
883 2441 938 2469 ΡΡ.
955 2442 1108 2470 εοῖἶαίὶοηε

77 2486 89 2503 ³
107 2485 163 2513 ΡΡ.
180 2493 308 2520 presume
326 2485 475 2514 novembre
851 2486 863 2503 ⁰
881 2484 937 2513 ΡΡ.
950 2486 1074 2521 jubenc‚·
1094 2487 1140 2514 Br.
1161 2486 1222 2515 PM.
1235 2487 1339 2522 jubeat

77 2529 89 2547 ⁴
107 2529 161 2558 Nei
180 2529 268 2558 codici
286 2529 336 2559 γ’ὼ
354 2529 376 2558 il
394 2531 483 2566 punto
501 2529 590 2565 prima
608 2529 637 2558 di
655 2529 766 2558 Donato
843 2530 865 2548 ¹⁰
884 2529 946 2558 PM.
969 2531 1083 2559 tantum

78 2574 90 2592 ⁵
106 2573 187 2602 Eum
205 2574 327 2610 quidem,
345 2574 471 2604 variante
489 2574 561 2603 tolta
572 2574 608 2603 da
626 2574 700 2603 altro
713 2573 805 2603 codice
842 2575 862 2592 ¹¹
882 2574 937 2602 ΡΡ.
950 2575 1022 2610 pari

103 2618 150 2646 dal
167 2619 229 2647 PM.
842 2619 865 2637 ¹2
884 2618 930 2647 Br.
950 2618 1010 2648 PM.
1024 2620 1226 2655 praestitisse;
1246 2621 1301 2650 ΡΡ.
1314 2622 1478 2659 perstitisse

73 2664 90 2681 ⁶
108 2663 162 2691 ΡΡ.
182 2663 278 2693 vultus
840 2663 862 2681 ¹³
880 2662 936 2693 ΡΡ.
956 2663 1131 2693 occasionem

1477 2740 1495 2768 9
