1845 3076
754 185 893 209 EPISTOLE
1543 178 1581 210 67

773 342 882 374 XLIX.

389 432 610 465 SANCTO
651 433 720 464 DE
761 433 1125 467 PEREGRINIS
1165 435 1192 467 S.
1228 436 1263 468 D.

555 516 682 546 PADUAE,
704 516 735 538 x1
756 517 823 540 KAL.
846 517 983 546 nimias,
1008 510 1093 540 1395.

481 582 550 619 (Br.
563 591 595 618 p.
614 583 670 617 31,
682 599 717 604 ——
731 582 802 612 PM.
816 592 839 612 e.
852 584 907 620 95,
927 600 958 603 —
978 584 1040 612 ΓΡ.
1054 593 1082 612 n.
1095 586 1159 620 29.)

150 671 236 710 Heri,
260 671 301 703 ad
322 673 497 702 extremum
517 670 605 707 lucis,
632 670 745 702 literae
766 671 821 702 abs
842 673 874 702 te
894 671 972 702 mihi
992 671 1135 704 redditae
1154 676 1236 704 sunt.
1266 673 1335 711 Eas,
1362 684 1443 714 quae
1465 676 1506 706 ad
1528 686 1578 708 me

62 731 171 766 -erant,
191 728 274 760 illico
286 728 441 768 resignavi
455 730 487 759 et
506 727 587 768 legi;
608 727 756 768 reliquas,
776 738 857 768 quae
872 728 1002 759 Romam
1024 729 1232 761 mittebantur
1245 731 1264 766 ¹,
1286 730 1378 762 hodie
1392 732 1493 771 prima
1508 733 1578 764 luce

69 786 111 818 ad
131 786 316 826 magistrum
336 784 490 817 Joavmem
509 785 545 816 (le
566 784 728 822 Ravenna,
749 788 785 815 ut
810 785 956 825 jusseras,
982 795 1061 826 puer
1082 786 1204 818 detulit.
1227 788 1315 818 Illius
1336 798 1394 828 ope
1414 799 1503 829 spero
1524 801 1577 822 eas

69 853 164 884 quam
183 843 319 883 primum
333 842 450 874 Romae
471 842 603 873 futuras.
625 841 675 873 Ita
690 842 772 873 enim
786 845 818 873 et
832 843 939 883 rogavi
953 853 1034 881 eum,
1055 847 1087 875 et
1102 844 1156 876 ille
1169 845 1327 885 pollicitus
1342 849 1396 877 est.
1418 846 1479 878 Sed
1493 848 1577 887 quod

68 900 110 932 ad
129 900 249 941 priores
264 902 296 931 et
309 899 350 931 ad
364 909 413 931 me
433 899 558 938 attinet,
579 899 619 931 de
638 899 832 939 promotione
852 902 910 931 tua
928 911 1083 932 summum
1104 901 1213 939 laetor,
1235 903 1289 942 qui
1303 912 1365 934 non
1386 903 1489 935 minus
1508 905 1577 942 tibi,

68 967 165 998 quam
185 957 286 995 fratri,
306 967 402 997 quam
423 957 557 996 parenti,
579 967 674 997 quam
693 957 752 996 ipsi
773 967 898 997 quoque
919 958 1004 997 mihi,
1031 958 1148 998 optime
1170 960 1345 991 consultum
1368 960 1490 992 vellem.
1517 961 1578 993 Ho—

67 1025 176 1046 norem
195 1014 288 1052 hunc,
308 1024 366 1054 per
384 1023 416 1045 se
437 1013 564 1054 quidem
584 1014 820 1054 amplissimum,
839 1014 1024 1054 ampliorem
1044 1015 1152 1054 multo,
1174 1017 1448 1058 augustioremque
1463 1021 1573 1050 auctor

68 1070 179 1111 effecit,
199 1071 347 1112 quando2
366 1071 393 1101 is
413 1074 446 1102 te
466 1070 619 1102 vicarium
639 1071 743 1111 elegit,
764 1071 819 1111 qui
839 1071 933 1111 plane
948 1072 959 1089 ³
980 1072 1119 1103 omnium
1142 1075 1173 1104 et
1194 1074 1330 1113 optimus
1350 1078 1382 1105 et
1403 1075 1577 1115 prudentis·
1613 1091 1616 1094 ·

67 1129 173 1167 simus,
193 1129 260 1160 sine
281 1128 500 1165 controversia,
521 1128 677 1159 credatur.
705 1128 839 1168 Reliqua
858 1128 939 1160 bene
959 1139 1049 1169 spero
1070 1140 1261 1169 processura,
1289 1132 1315 1162 si
1335 1132 1426 1164 modo
1446 1134 1578 1164 auctori—

66 1188 134 1218 tate
154 1186 348 1226 arbitrioque
368 1185 571 1226 prudentium
591 1195 641 1216 res
662 1185 931 1218 administrentur.
955 1186 1200 1219 Commentarios
1222 1188 1263 1219 ad
1284 1188 1486 1221 Francz’scam
1507 1190 1577 1222 Cor-

67 1253 138 1275 vum
158 1243 258 1275 mitto.
280 1243 326 1274 Ex
347 1253 383 1275 eo
396 1243 513 1274 habere
534 1244 694 1282 promptos
714 1243 839 1283 poteris
862 1242 994 1274 Gravius
1008 1244 1085 1274 milii
1106 1245 1165 1275 fuit
1181 1245 1346 1285 aegritudo
1367 1247 1473 1278 uxoris
1493 1250 1574 1278 tuae.

67 1300 173 1332 Matre
193 1300 309 1331 etenim
330 1299 450 1331 familia
471 1302 664 1341 aegrotante,
684 1310 766 1340 quae
786 1302 888 1340 potest
909 1300 993 1331 domi
1020 1301 1219 1333 incolumitas
1242 1303 1329 1334 esse?
1357 1302 1418 1335 Sed
1439 1304 1577 1336 convale-

67 1367 152 1389 scere
172 1367 242 1389 eam
262 1357 391 1398 gaudeo.
414 1357 503 1396 Quod
516 1357 574 1388 sini
589 1357 712 1388 domino
727 1357 775 1388 M.
788 1357 798 1374 ⁴
819 1357 1065 1396 commendatus,
1086 1358 1118 1389 id
1135 1362 1181 1390 est
1204 1359 1281 1390 mihi
1302 1363 1372 1400 post
1394 1371 1496 1400 pauca
1510 1372 1577 1402 gra-

66 1415 231 1446 tissimum.
261 1413 344 1445 Nam
364 1417 438 1446 ante
459 1424 565 1446 omnes
596 1414 734 1445 homines
755 1424 912 1445 summum
944 1424 1015 1446 eum
1043 1415 1131 1447 facio.
1165 1417 1260 1457 Cujus
1281 1417 1306 1447 si
1327 1421 1474 1458 acceptus
1506 1429 1575 1450 suni

63 1471 182 1513 judicio
197 1472 217 1509 ⁵,
243 1481 375 1509 omnem,
408 1481 503 1511 quam
523 1481 562 1503 ex
582 1471 743 1502 hominum
765 1471 994 1503 existimatione
1025 1473 1156 1512 gloriam
1177 1474 1299 1514 assequi
1319 1476 1441 1514 possim.
1471 1486 1576 1508 conse—

67 1531 185 1569 quutus
200 1529 267 1570 jam
279 1539 356 1560 sum.
373 1528 567 1569 Scripsissem
583 1528 723 1568 aliquid,
744 1528 799 1559 sed
812 1528 930 1560 veritus
943 1539 1021 1567 sum,
1043 1540 1081 1561 ne
1098 1531 1268 1572 majoribus
1282 1532 1377 1563 rebus
1389 1532 1577 1573 implicitum

68 1595 139 1617 eum
159 1584 356 1617 offenderem.
379 1585 459 1617 Vale
478 1588 523 1617 tu.

805 1841 838 1873 L.

575 1933 753 1966 NICOLAO
776 1933 935 1966 PHISICO
955 1934 983 1966 S.
1004 1935 1042 1966 D.
1058 1935 1069 1952 ⁶

65 2013 133 2051 (ΒΓ.
145 2021 177 2049 p.
197 2013 216 2041 9
229 2014 268 2046 t.;
282 2028 314 2032 —
333 2010 368 2039 G.
381 2011 420 2038 76
434 2027 466 2030 —
484 2009 552 2038 Cod.
570 2009 664 2037 Marc.
684 2018 712 2037 oz.
726 2010 787 2037 203
806 2009 880 2038 della
900 2009 952 2046 VI,
968 2011 1028 2045 72,-
1042 2011 1118 2039 (Iella
1138 2011 1234 2039 XIII
1246 2012 1280 2041 cl.
1293 2012 1311 2040 I.
1329 2021 1343 2040 e
1361 2014 1421 2041 473
1441 2014 1576 2049 Zanetti;

69 2067 136 2096 Cod.
160 2066 286 2102 Gicoyna
299 2073 326 2092 η.
338 2063 436 2098 3503;
451 2079 483 2083 —-
497 2062 570 2090 PM.
583 2071 606 2090 c.
619 2062 659 2089 70
668 2063 706 2097 t.;
721 2079 753 2082 —
767 2062 830 2090 ΡΡ.
845 2071 872 2090 η.
886 2063 962 2097 120,·
977 2079 1008 2082 -
1023 2063 1064 2091 ed.
1078 2063 1196 2099 Hayan.
1216 2065 1312 2099 1533‚·
1327 2083 1353 2086 —
1366 2066 1459 2095 Amst.
1478 2068 1577 2103 1639.)

144 2153 245 2186 Hodie
265 2152 351 2193 apud
370 2151 451 2183 dom.
473 2150 672 2182 Franciscum
694 2150 886 2182 cardinalem
906 2150 1118 2190 florentinum,
1140 2153 1195 2192 qui
1223 2153 1507 2193 redintegrandae⁷
1527 2166 1577 2188 va-

66 2211 217 2245 letudinis
237 2210 341 2252 gratia
359 2208 443 2240 domi
456 2217 489 2239 se
504 2207 652 2244 continet,
668 2217 739 2238 cum
753 2207 794 2238 ad
807 2218 878 2239 euni
893 2208 1096 2240 salutandum
1117 2209 1279 2248 venissem,
1298 2210 1441 2243 libellum
1461 2214 1576 2253 reperi,

67 2279 161 2311 quem
181 2268 367 2300 Franciscus
393 2266 562 2303 Barbarus,
593 2264 711 2296 amicus
731 2267 804 2296 tuus
825 2268 858 2296 et
878 2266 1055 2297 studiorum
1083 2267 1191 2306 socius,
1223 2268 1264 2299 de
1284 2278 1319 2299 re
1338 2270 1450 2301 uxoria
1475 2281 1578 2311 nuper

60 2327 176 2364 edidit,
197 2325 372 2366 elegantem
386 2323 477 2354 illum
492 2322 630 2363 quidem,
647 2324 688 2361 et,
702 2323 738 2353 ut
751 2324 915 2354 venustate
928 2324 1079 2355 sermonis
1089 2324 1101 2341 ⁸
1122 2325 1330 2365 praeclarum,
1343 2325 1390 2357 ita
1402 2328 1578 2369 praeceptis

78 2439 88 2456 ¹
107 2437 227 2471 Qualche
245 2436 337 2465 codice
355 2434 571 2463 dimittebantur
873 2432 996 2461 Nicolao
1015 2433 1104 2462 Leon.
1125 2434 1253 2469 phisicog
1273 2435 1306 2463 G.
1325 2436 1377 2464 107
1396 2445 1420 2464 a.
1441 2437 1479 2466 d.⁰
1501 2446 1581 2467 meno

78 2484 90 2502 2
107 2481 223 2518 qzmndo
241 2488 290 2516 per
307 2478 420 2516 giaco-he
873 2477 1035 2505 doctissimo
1053 2478 1101 2513 pin
1120 2479 1195 2506 1416
1205 2488 1214 2512 5
1235 2478 1268 2508 G.
1283 2479 1332 2508 107
1345 2480 1371 2509 b.
1385 2488 1460 2510 come
1476 2482 1524 2511 107
1538 2491 1581 2517 a.·,

78 2528 90 2546 ³
107 2526 162 2555 ΡΡ.
176 2525 263 2561 plene
878 2521 910 2549 G.
931 2521 982 2549 117
1002 2529 1076 2550 come
1096 2522 1128 2550 G.
1150 2523 1208 2551 104.

79 2572 91 2590 ⁴
108 2571 164 2599 ΡΡ.
182 2570 217 2598 de
234 2569 278 2597 M.
852 2566 863 2583 ⁷
881 2565 990 2594 Marc.e
1001 2566 1028 2594 Z.
1039 2565 1101 2601 473,
1111 2567 1201 2595 Amst.
1210 2567 1451 2604 redinteyramlae
1465 2571 1509 2607 (G.
1525 2572 1582 2606 104.

81 2617 94 2635 ⁵
110 2615 166 2644 ΡΡ.
178 2614 294 2650 judicia
879 2610 911 2638 G.
931 2609 982 2637 107
1002 2618 1030 2644 a,
1048 2610 1080 2637 G.
1102 2610 1152 2639 107
1171 2611 1218 2647 1));
1239 2611 1270 2640 G.
1291 2612 1342 2641 117
1360 2614 1582 2651 reintcyrandae

80 2661 92 2679 ⁶
110 2659 143 2688 G.
158 2658 217 2688 104.
233 2658 268 2687 P.
282 2657 318 2687 P.
339 2657 371 2687 V.
389 2656 441 2686 sal.
454 2655 498 2692 112.
517 2655 546 2684 d.
566 2655 727 2685 doctissimo
745 2655 808 2684 viro
856 2655 867 2672 ⁸
885 2654 970 2684 Marc.
988 2654 1041 2683 208
1059 2655 1216 2685 venustatis
1232 2663 1394 2687 sermonem
