1845 3076
795 191 934 215 Evisrom:
1582 178 1641 209 219

110 279 274 319 optimum,
295 277 560 318 sapientissimum
581 276 873 316 sanctissimumque
894 275 1007 311 virum,
1029 274 1111 305 sicut
1138 273 1301 313 publicum
1330 272 1490 313 quoddam
1511 272 1636 303 intuen-

111 336 191 367 tium
215 334 377 375 speculum
409 337 442 365 et
461 334 633 373 exemplar,
660 332 734 363 inde
755 333 813 364 sibi
835 333 915 364 bene
943 333 1100 371 beateque
1133 330 1257 362 vivendi
1289 332 1465 370 praecepta
1494 339 1646 369 propone-

111 395 191 429 rent,
214 395 246 423 et
267 392 308 423 ab
330 401 375 428 eo,
396 391 474 431 qui¹
494 390 650 422 caelestem
676 390 709 420 in
734 390 827 420 terris
853 389 952 420 vitam
976 389 1040 429 egit
1060 389 1270 419 imitationem
1287 387 1414 418 virtutis
1438 386 1608 417 haurirent
1624 386 1644 417 ².

114 448 195 488 Quid
211 449 222 466 ³
250 449 334 479 enim
367 447 597 487 praedicationis
619 456 716 487 genus
743 446 884 477 Manueli
921 446 1058 476 adfuisse
1089 444 1269 485 denegabit,
1300 447 1333 475 et
1360 444 1406 475 ita
1426 443 1575 481 adfuisse,
1608 445 1645 474 ut

112 505 144 537 id
165 494 227 537 non
247 505 347 537 solum
368 504 418 535 vel
438 504 588 535 eximium
602 514 665 534 non
686 503 777 534 facile
799 503 967 542 quisquam
982 501 1186 543 intelligat&
1210 501 1351 532 Patriam
1374 503 1406 532 et
1425 510 1495 532 eam
1511 500 1640 540 quidem

112 564 289 603 augustam,
310 561 463 592 familiam
494 560 729 597 nobilissimam,
751 564 900 600 parentes
932 559 1064 592 inclitos,
1098 561 1276 598 czeteraque
1308 558 1340 588 id
1372 559 1496 599 genus⁵
1517 559 1639 595 omitto,

114 622 182 650 tum
204 619 279 659 quia
299 618 407 649 multis
428 617 607 649 communia
640 619 723 653 sunt.
751 620 819 647 tum
841 616 917 656 quia
939 616 1044 646 aliena
1075 616 1179 655 potius
1200 616 1269 646 laus
1290 615 1352 646 dici
1373 618 1485 655 potest.
1517 614 1646 654 Quanta

116 676 148 706 in
170 685 206 707 eo
225 675 411 712 liberalitas,
433 675 619 711 constantia,
641 673 728 711 fides,
750 673 925 713 integritas,
947 672 1065 713 religio,
1088 672 1250 709 modestia,
1280 673 1439 710 sauctitas,
1462 673 1561 703 animi
1582 682 1645 703 ma-

116 732 258 772 gnitudo,
279 732 418 764 omnium
449 731 567 763 artium
599 733 631 762 et
653 730 861 762 maximarum
883 739 990 761 rerum
1010 729 1159 760 scientia!
1193 730 1280 760 Haec
1301 729 1466 769 siquidem,
1496 730 1522 760 si
1554 740 1648 769 quem

117 789 422 830 praestantissimum
444 791 538 819 nacta
551 788 734 827 scriptorem
755 787 861 824 fuerit,
877 790 1033 827 quantum
1047 786 1179 826 implere
1194 786 1340 817 volumen
1356 787 1511 826 potuerit!
1536 786 1646 817 Cernis

118 855 276 877 summum
296 848 400 876 vatem
428 845 600 876 Homerum
627 854 723 884 quain
745 844 931 875 immensum
953 844 1144 883 optimorum
1173 853 1318 874 versuum
1347 853 1514 875 numerum
1544 843 1648 881 edere,

116 903 301 943 priusquam
323 902 500 933 fabulosum
521 901 612 932 illum
632 901 775 932 absolvat
796 901 978 938 semideum,
1010 911 1103 941 quem
1125 900 1186 931 sibi
1207 900 1404 931 laudandum
1425 903 1647 940 assumpserat,

119 961 317 996 iracundum,
347 958 559 995 libidinosum,
590 960 767 995 cruentum,
799 968 936 995 saevum,
964 958 1192 998 populatorem,
1224 960 1256 989 et
1287 958 1328 988 ad
1349 957 1477 988 urbium
1504 961 1645 998 stragem

118 1020 230 1049 natum
245 1017 409 1048 hominem.
428 1015 510 1055 Quid
525 1016 683 1047 facturum
697 1025 859 1047 censemus
874 1018 1000 1055 poetam
1015 1015 1284 1055 sapientissimum
1299 1016 1330 1045 in
1346 1025 1380 1046 re
1396 1025 1470 1046 vera
1485 1018 1516 1046 et
1531 1015 1650 1046 virtute

117 1074 240 1106 solida?
271 1074 347 1105 Haec
367 1074 442 1105 dum
464 1083 587 1104 mecum
618 1073 746 1113 ignarus
768 1073 936 1103 homuncio
967 1076 1092 1112 reputo,
1124 1072 1294 1103 tacendum
1322 1073 1399 1103 mihi
1420 1075 1535 1109 statuo,
1556 1083 1596 1103 ne
1618 1075 1651 1104 et

118 1131 235 1171 ingenii
256 1130 506 1162 imbecillitatem
528 1130 729 1170 patefaciam,
761 1132 793 1160 et
814 1140 907 1170 quem
928 1129 1067 1160 dedicari
1082 1130 1092 1146 ⁶
1113 1130 1284 1161 memoriae
1306 1130 1393 1170 cupis
1413 1130 1578 1161 oblivionis
1605 1130 1650 1160 in-

119 1188 240 1219 volvam
260 1188 408 1219 tenebris.
436 1187 550 1218 Omnes
571 1187 664 1224 enim,
699 1187 806 1227 quae⁷
826 1187 867 1218 ab
895 1187 990 1217 inerti
1021 1196 1058 1217 ac
1081 1187 1203 1227 vulgari
1237 1187 1388 1227 scriptore
1416 1187 1568 1218 dicuntur
1599 1188 1647 1218 uti

118 1246 281 1285 scopulum
309 1244 524 1282 reformidant,
539 1244 549 1261 ⁸
579 1244 692 1280 vitant,
714 1244 876 1284 abijciunt.
910 1244 991 1282 Quid
1013 1244 1055 1281 ni,
1077 1254 1175 1284 quum
1196 1244 1229 1274 in
1250 1254 1286 1275 eo
1308 1247 1340 1275 et
1361 1244 1494 1285 grandia
1522 1255 1648 1285 quoque

115 1303 254 1342 jaceant,
275 1302 444 1342 magnifica
464 1302 693 1341 deprimantur,
717 1301 804 1332 clara
825 1301 1022 1338 delitescant,
1041 1301 1151 1333 suavia
1171 1302 1422 1341 exasperentur?
1445 1302 1533 1340 Quod
1554 1303 1581 1334 si
1603 1312 1652 1333 ea-

120 1359 192 1390 dem
214 1349 315 1390 virum
336 1359 460 1399 ingenio
481 1359 626 1390 doctrina
647 1362 679 1390 et
701 1359 926 1390 exercitatione
941 1358 952 1375 9
973 1358 1142 1398 praeditum
1164 1361 1260 1390 nacta
1288 1359 1416 1397 fuerint,
1437 1369 1509 1390 cum
1530 1369 1588 1390 sua
1612 1359 1655 1390 di-

119 1417 242 1457 gnitate
262 1418 330 1447 tum
352 1416 484 1447 dicentis
504 1415 670 1455 splendore
691 1415 863 1453 illust-rata,
877 1416 924 1446 ita
943 1415 1093 1447 lectorem
1115 1415 1270 1453 alliciunt,
1292 1417 1313 1433 ¹0
1335 1419 1372 1447 ut
1392 1416 1562 1457 defatigari
1587 1417 1653 1456 qui-

118 1473 191 1504 dem
213 1483 276 1504 non
295 1476 405 1504 autem
425 1473 535 1504 satiari
555 1473 683 1512 possint.
705 1472 765 1503 Sed
787 1473 863 1513 quid
885 1483 941 1513 ego
972 1472 1145 1511 dissimulo,
1167 1475 1224 1504 aut
1250 1472 1318 1504 ulla
1337 1476 1443 1504 tecum
1465 1473 1650 1505 circuitione

120 1529 216 1561 utor?
238 1529 282 1561 Te
303 1532 394 1561 vocat
414 1530 475 1561 iste
496 1529 587 1561 labor
609 1530 663 1569 qui
683 1530 769 1561 omni
790 1530 1007 1561 doctrinarum
1028 1540 1143 1570 genere
1159 1533 1191 1561 et
1211 1530 1440 1561 liberalissimis
1462 1530 1584 1562 artibus
1607 1540 1654 1562 or-

119 1590 214 1619 natus
234 1587 374 1627 ipsarum
390 1587 410 1604 ¹¹
423 1587 592 1627 praecipue
606 1587 669 1618 vim
685 1587 810 1618 dicendi
830 1590 886 1619 tuo
897 1588 970 1628 jure
990 1587 1139 1624 vindicas,
1160 1589 1193 1618 et
1208 1588 1254 1619 ita
1270 1587 1442 1619 vindicas¹²
1458 1590 1494 1618 ut
1509 1588 1551 1618 ad
1564 1598 1654 1619 oran-

120 1645 196 1676 dum
211 1644 347 1676 maxime
360 1646 455 1675 natus
470 1643 634 1684 factusque
647 1645 668 1661 ¹³
682 1644 885 1684 pei-noscaris.
908 1644 1039 1676 Accedit
1055 1646 1211 1684 praeterea
1224 1645 1394 1685 singularis
1414 1645 1596 1683 auctoritas,
1619 1647 1653 1676 et

120 1702 239 1743 optima
254 1701 441 1742 eloquentiae¹
455 1711 557 1733 comes
577 1701 662 1733 fides.
675 1702 696 1718 ¹¹
719 1701 840 1740 Quibus
859 1702 954 1733 rebus
968 1702 1142 1734 instructus
1157 1713 1257 1742 quum
1269 1703 1291 1719 ¹⁵
1313 1702 1455 1734 divinum
1469 1702 1654 1734 Manuelem

119 1758 179 1790 tibi
199 1759 425 1790 illustrandum
451 1759 669 1799 desumpseris,
692 1758 839 1790 effectum
859 1759 899 1789 iri
921 1759 1084 1797 vaticinor,
1107 1763 1144 1791 ut
1166 1759 1306 1791 caelestes
1327 1760 1395 1801 ejus
1416 1760 1559 1797 virtutes,
1581 1769 1654 1800 quae

121 1826 180 1857 per
201 1826 233 1848 se
253 1825 367 1856 magno
388 1815 477 1847 cultu
498 1826 536 1847 ac
564 1816 766 1847 veneratione
788 1816 891 1857 djgnae
909 1817 930 1833 ¹⁶
951 1817 1101 1853 visentur,
1130 1817 1370 1849 accumulatiori
1402 1817 1542 1857 quadam
1569 1817 1655 1848 volu-

120 1875 221 1914 ptate,
235 1874 312 1913 quia
326 1875 400 1913 apte
416 1873 584 1913 descriptae
599 1873 727 1911 fuerint,
744 1873 765 1891 ¹⁷
778 1873 926 1914 legentur
940 1877 972 1905 et
987 1874 1190 1906 amabuntur.
1206 1874 1256 1905 Ad
1272 1874 1424 1906 collatum
1440 1875 1461 1892 ¹³
1473 1875 1506 1905 in
1523 1874 1656 1915 Olympo

121 1930 363 1963 famosissimum
378 1930 400 1947 ¹⁹
419 1930 500 1961 illud
520 1930 607 1962 Jovis
634 1930 839 1962 simulacrum
860 1931 1009 1971 undique,
1032 1931 1152 1962 visendi
1172 1932 1286 1971 studio,
1308 1932 1568 1969 concurrebatur,
1590 1941 1654 1963 non

122 1989 227 2020 minus
247 1988 332 2028 quod
347 1988 369 2005 ²⁰
391 1987 523 2019 Phidiae
545 1988 690 2020 manibus
703 1988 896 2020 fabricatum
916 1989 1090 2027 ferebatur,
1113 2000 1209 2030 quam
1230 1989 1315 2030 quod
1330 1990 1351 2007 ²¹
1375 1991 1442 2031 ejus
1463 1989 1589 2021 nomine
1604 1999 1643 2021 ex

99 2059 110 2067 ·
123 2056 264 2088 pressum
287 2048 360 2080 erat
381 2049 438 2088 qui
463 2049 574 2087 πατὴρ
598 2048 724 2088 ἀνδρῶν
739 2059 773 2079 τε
800 2050 885 2080 ,θεῶν
899 2060 933 2080 τε
948 2047 971 2063 ²²
992 2047 1174 2079 vocabatur.

134 2107 142 2123 ¹
165 2106 191 2135 S.
212 2107 286 2141 Aug.
308 2107 358 2141 qui
370 2116 380 2140 ,·
400 2107 455 2136 ΡΡ.
474 2107 559 2141 qnasi
910 2109 931 2126 13
950 2108 1005 2136 ΡΡ.
1026 2110 1168 2143 aptusque

134 2152 145 2168 ²
165 2151 192 2178 S.
213 2151 290 2187 Aug.
311 2151 451 2180 haberent
906 2154 928 2170 ¹⁴
946 2153 1029 2181 Bern.
1049 2153 1145 2180 virtus
1166 2159 1216 2187 per
1236 2151 1308 2184 fides

135 2196 146 2213 ³
165 2195 220 2222 ΡΡ.
240 2195 318 2230 quod
909 2199 931 2216 ¹⁵
952 2198 1033 2225 Bern.
1055 2205 1121 2225 eum

133 2239 144 2257 ⁴
163 2238 345 2267 Costruzione
365 2241 492 2268 contorta
906 2243 928 2260 ¹⁰
948 2242 1004 2271 ΡΡ.
1024 2250 1105 2270 senza
1125 2241 1240 2276 diynoe,·
1261 2241 1344 2269 Beru.
1365 2249 1448 2269 senza
1467 2240 1599 2268 visentur

131 2285 143 2302 ⁵
158 2283 191 2311 id
205 2291 299 2319 glenus
318 2291 368 2318 per
386 2284 418 2312 id
433 2285 557 2319 ρεπεν-ῖς,
577 2284 718 2313 idiotismo
737 2288 817 2314 usato
900 2288 922 2304 ¹⁷
941 2287 1023 2316 Bern.
1044 2295 1109 2314 cum
1127 2285 1362 2314 accumulatione
1376 2285 1504 2320 quadam
1529 2284 1660 2319 volupta-

131 2330 143 2346 ⁶
161 2328 189 2356 S.
209 2329 282 2364 Aug.
296 2328 468 2363 praedicari
948 2333 1031 2366 teque
1048 2339 1067 2359 a
1086 2331 1111 2358 te
1129 2330 1280 2364 descriptae
1299 2329 1415 2363 fuerint

133 2373 144 2390 ⁷
163 2371 219 2401 ΡΡ.
239 2373 291 2408 qui
908 2377 930 2394 ¹⁸
951 2376 1006 2404 ΡΡ.
1025 2375 1197 2404 collocatum

135 2417 146 2434 ⁸
164 2416 220 2446 ΡΡ.
240 2417 478 2450 reformidabant
910 2421 932 2439 ¹⁹
952 2420 1008 2449 ΡΡ.
1028 2420 1129 2448 omette
1150 2419 1382 2452 fcmwsissimum

135 2462 147 2479 ⁹
165 2461 221 2489 ΡΡ.
239 2462 397 2490 excitatum
909 2465 932 2483 2⁰
951 2465 1006 2493 ΡΡ.
1026 2473 1135 2500 cluam,-
1156 2464 1238 2492 Bern.
1258 2464 1329 2499 qaia

124 2507 148 2523 ¹⁰
165 2505 221 2534 ΡΡ.
241 2505 384 2540 abjiciunt
907 2510 928 2527 2¹
949 2509 1006 2537 ΡΡ.
1027 2516 1208 2544 quamquam

124 2551 145 2568 ¹¹
166 2550 247 2579 Bern.
267 2550 363 2586 ipsam
907 2554 930 2571 ²⁹·
949 2553 1012 2582 Cod.
1030 2553 1048 2581 S
1070 2553 1145 2587 Aug.
1164 2551 1217 2586 qm·
1229 2553 1318 2587 pater
1331 2551 1540 2586 hominumque
1560 2550 1658 2579 deum-

121 2595 144 2612 ⁴²
163 2593 189 2622 S.
208 2595 282 2630 Aug.
301 2596 401 2623 omette
420 2596 448 2623 et
464 2595 507 2624 ita
525 2595 657 2625 vindicas
937 2606 1008 2634 qim,-
1028 2597 1111 2625 Bern.
1125 2596 1204 2632 quod
1215 2597 1304 2631 pater
1317 2596 1469 2624 hominum
1490 2596 1576 2630 atque
1595 2594 1658 2624 deo-

949 2650 1017 2670 rum
