1845 3076
241 148 283 179 44
874 156 899 179 P.
921 157 946 179 P.
967 155 1115 179 vnnesmo

240 240 386 271 scribere.
409 239 471 280 Ego
487 239 569 270 enim
590 240 622 270 te
636 239 728 276 malo,
749 241 785 270 ut
798 249 919 270 errores
933 250 1016 271 meos
1029 250 1152 281 arguas,
1175 250 1270 280 quam
1285 241 1385 281 quivis
1408 242 1416 258 ¹
1432 241 1522 279 alius,
1544 241 1603 278 vel,
1624 242 1650 272 si
1671 242 1747 282 quid

242 308 262 329 a
282 307 331 328 me
345 298 356 314 ²
377 297 456 328 bene
476 296 594 327 dictum
616 298 671 333 est,
692 296 838 328 laudibus
859 297 1055 328 commendes
1069 297 1090 329 ³.

321 353 409 390 Vale,
437 356 468 384 et
488 353 570 384 hanc
588 363 691 384 meam
720 353 868 394 loquendi
888 354 1067 385 libertatem
1098 365 1138 386 ne
1170 355 1299 386 moleste
1321 355 1410 386 feras.
1443 356 1527 396 Apta
1558 356 1641 386 enim
1662 356 1747 388 inter

241 411 356 442 amicos
378 411 541 450 castigatio
571 411 704 442 liberam
728 411 959 451 responsionem
974 411 1078 451 exigit.
1100 411 1261 443 Postremo
1282 422 1347 444 esse
1361 423 1410 443 nie
1435 412 1494 444 tibi
1515 413 1548 443 in
1562 413 1711 444 memoria
1725 413 1749 449 ⁴,

243 471 275 499 et
289 468 495 499 certissimum
511 468 611 499 habeo
624 468 636 485 ⁵
659 470 690 499 et
705 467 923 508 gratissimum.
946 467 1033 507 Quod
1047 469 1233 500 munuscula
1258 480 1328 501 mea
1352 470 1522 507 admiseris,
1544 470 1648 510 magni
1669 470 1746 500 mihi

240 525 379 557 muneris
398 525 464 556 loco
485 527 540 556 est.
561 525 682 556 Iterum
702 525 782 556 Vale
796 525 816 556 ὅ.

946 848 1042 879 XXX.

547 966 774 998 FRANCISCO
795 966 1060 998 ZABARELLAE
1082 965 1108 998 S.
1131 967 1163 998 P.
1186 968 1222 998 D.
1246 967 1424 1007 (ROMAM)
1441 968 1450 984 ⁷

346 1061 410 1096 (Br.
424 1069 456 1096 p.
476 1062 492 1088 1
514 1062 551 1093 ἀ,-
570 1078 593 1080 —
610 1059 696 1087 Ram.
709 1068 741 1094 1).
760 1060 799 1087 30
818 1061 856 1092 t.;
871 1077 903 1081 —
921 1059 972 1087 Gr.
992 1068 1015 1088 e·
1034 1059 1091 1087 106
1112 1061 1141 1093 t.,·
1159 1077 1187 1080 —
1201 1059 1272 1087 PM.
1291 1069 1313 1087 c.
1332 1060 1388 1093 56‚·
1404 1077 1434 1080 —
1448 1060 1511 1089 PP.
1532 1069 1559 1089 n.
1579 1061 1637 1095 81.)

321 1167 387 1198 Etsi
407 1166 446 1197 de
466 1166 629 1206 sponsione
642 1166 661 1202 ²³,
685 1175 748 1205 qua
768 1165 826 1197 tibi
856 1165 975 1195 dudum
1004 1175 1090 1196 eram
1121 1165 1296 1202 obstrictus,
1318 1165 1351 1195 in
1370 1166 1528 1206 praesenti
1549 1165 1749 1204 satisfaciam,

242 1235 314 1256 cum
335 1235 404 1255 eam
426 1225 549 1264 partem
568 1223 642 1254 libri
663 1222 820 1253 Francisci
841 1222 1008 1253 Petrarcae
1030 1223 1077 1253 De
1102 1223 1177 1254 viris
1201 1222 1385 1261 illustribus,
1418 1233 1512 1263 quam
1534 1234 1553 1254 a
1573 1234 1623 1255 me
1646 1225 1751 1264 exqui-

241 1283 348 1318 sieras,
369 1281 535 1315 transmisi,
558 1281 676 1321 majore
696 1282 802 1310 tamen
822 1279 928 1310 debito
944 1289 1144 1320 nequaquam
1159 1280 1309 1317 absolvor,
1331 1280 1385 1320 qui
1399 1281 1457 1311 tibi
1477 1291 1534 1320 pro
1547 1281 1630 1312 tuis⁹
1651 1281 1684 1311 111
1699 1291 1748 1312 ine

242 1339 346 1371 officiis
376 1349 414 1370 ac
433 1341 587 1378 perpetua
618 1337 836 1368 benevolentia
857 1337 994 1376 plurima
1025 1337 1132 1375 debeo,
1164 1347 1221 1377 pro
1242 1338 1426 1378 integritate
1447 1348 1520 1369 vero
1542 1348 1578 1369 ac
1599 1338 1751 1379 singulari

241 1397 359 1428 virtute
377 1399 435 1426 tua
455 1396 567 1427 omnia.
590 1395 633 1426 At
645 1395 665 1411 ¹⁰
680 1394 736 1425 illa
756 1394 892 1434 quidem,
914 1404 995 1434 quae
1016 1395 1090 1432 dixi,
1108 1395 1180 1434 jure
1201 1396 1327 1434 proprio
1341 1395 1448 1426 debeo.
1470 1395 1530 1426 Pro
1546 1396 1659 1436 quibus
1679 1406 1749 1427 mea

242 1454 404 1490 facultate,
426 1462 641 1493 quaecumque
662 1455 716 1490 est,
738 1454 793 1483 tuo
813 1452 945 1483 arbitrio
965 1452 1073 1483 utaris,
1096 1451 1177 1483 Nam
1195 1452 1311 1483 absolvi
1332 1453 1391 1483 tibi
1412 1454 1457 1484 ita
1472 1453 1528 1484 abs
1547 1455 1579 1484 te
1594 1453 1695 1493 cupio,
1716 1456 1753 1484 ut

243 1522 304 1552 quo
325 1511 395 1551 plus
415 1510 552 1542 retulero
568 1510 587 1526 ¹¹
609 1509 668 1540 tibi
687 1509 870 1550 gratiarum,
893 1518 928 1539 eo
949 1509 1115 1549 ampliores
1136 1509 1250 1541 debere
1272 1520 1321 1540 me
1342 1510 1461 1540 vellem.
1488 1509 1577 1548 Quod
1598 1510 1623 1540 si
1644 1510 1749 1541 officiis

244 1569 371 1599 minime
392 1577 524 1608 possum,
540 1570 573 1598 at
588 1567 805 1598 benevolentia
818 1577 986 1606 amoreque
1001 1569 1105 1597 tecum
1119 1569 1240 1598 certare
1255 1567 1375 1604 studeo,
1391 1585 1429 1590 —
1445 1577 1526 1607 quae
1543 1570 1589 1598 est
1608 1567 1751 1607 pulcher-

245 1626 325 1657 rima
345 1635 466 1665 semper
486 1625 519 1655 in
539 1624 678 1655 amicitia
700 1624 899 1655 concertatio.
930 1624 975 1656 In?
989 1634 1050 1664 quo
1071 1634 1183 1664 genere
1204 1625 1229 1654 si
1250 1624 1379 1655 forsitan
1411 1634 1430 1655 a
1450 1627 1482 1655 te
1506 1634 1644 1664 superor,
1665 1625 1751 1664 apud

242 1693 336 1723 quem
357 1683 491 1722 potiores
511 1685 585 1712 sunt
604 1691 709 1712 omnes
729 1681 854 1712 virtutis
873 1683 987 1721 partes,
1010 1681 1136 1712 amandi
1156 1684 1241 1712 certe
1262 1684 1294 1711 et
1315 1681 1505 1721 obsequendi
1527 1681 1680 1713 desiderio
1701 1692 1752 1713 ne—

242 1750 402 1780 quaquam
433 1739 543 1771 cedere
564 1738 677 1770 videor.
710 1738 854 1769 Alterum
876 1749 949 1770 vero
961 1739 983 1755 ¹²
1004 1741 1050 1769 est
1070 1738 1210 1770 debitum
1232 1739 1308 1769 inihi
1329 1749 1399 1769 cum
1420 1739 1551 1770 caeteris
1578 1749 1750 1776 commune,

244 1808 306 1838 quo
326 1798 437 1828 virtuti
458 1800 533 1828 tuae
553 1796 740 1836 praecipuae
757 1796 777 1812 ¹³
809 1795 917 1827 deberi
937 1796 1040 1827 omnia
1061 1796 1215 1827 videntur.
1239 1796 1320 1835 Quid
1341 1799 1387 1827 est
1410 1797 1492 1827 enim
1513 1796 1597 1836 quod
1617 1797 1698 1828 bono
1719 1799 1751 1828 et

245 1855 379 1895 sapienti
414 1855 479 1885 viro
499 1864 562 1885 non
583 1854 737 1885 debeatur
769 1853 809 1884 ab
831 1853 1000 1884 omnibus?
1031 1854 1096 1884 Aut
1117 1853 1192 1893 quid
1215 1853 1243 1884 ei
1262 1854 1417 1893 praestari
1441 1863 1503 1884 non
1523 1853 1616 1894 digne
1636 1856 1748 1893 potest,

243 1914 297 1954 qui
318 1913 442 1944 virtutis
463 1912 574 1943 merito
596 1911 679 1943 omni
700 1911 900 1942 veneratione
920 1920 952 1941 se
974 1911 1102 1951 dignum
1123 1911 1207 1950 apud
1229 1911 1310 1942 Deos
1331 1913 1364 1942 et
1383 1911 1522 1942 homines
1543 1911 1672 1942 exhibet
1685 1911 1697 1942 ἓ
1712 1930 1751 1934 -

244 1972 321 2012 Ejus
341 1970 477 2011 dignitas
497 1979 567 2000 cum
589 1972 621 1999 et
641 1978 764 2008 semper
785 1971 816 1999 et
837 1968 954 2008 ubique
984 1968 1071 1999 clara
1092 1968 1256 2005 habeatur⁷
1279 1971 1346 1999 tum
1363 1979 1435 1999 vero
1457 1968 1592 2000 maxime
1612 1969 1715 1999 verius
1730 1969 1750 1985 ¹4

245 2029 357 2065 elucet,
378 2037 449 2058 cum
479 2037 535 2067 per
555 2026 687 2057 multam
708 2026 857 2066 peccandi
888 2026 1078 2057 occasionem
1099 2025 1263 2065 integritas
1284 2026 1367 2056 vitae
1398 2028 1549 2056 servatur.
1572 2026 1608 2056 In
1629 2036 1693 2066 qua
1714 2035 1749 2056 re

243 2086 323 2118 nihil
343 2096 425 2116 nunc
445 2085 479 2115 in
498 2087 587 2115 tuam
607 2083 734 2115 laudem
755 2083 896 2115 dicturus
916 2093 995 2121 sum,
1016 2094 1055 2114 ne
1075 2082 1266 2114 adulationis
1288 2083 1427 2121 forsitan,
1450 2083 1635 2123 praesertim
1657 2083 1698 2115 ad
1718 2086 1750 2114 te

242 2145 345 2184 ipsum
365 2143 511 2179 scribens,
532 2143 693 2181 suspectus
712 2141 823 2172 haberi
843 2140 965 2180 possim,
987 2143 1043 2171 aut
1063 2140 1145 2184 haec
1161 2143 1217 2171 tua
1237 2140 1306 2171 laus
1321 2142 1516 2171 caeterorum
1533 2140 1679 2172 videatur
1701 2140 1752 2171 de-

243 2201 366 2232 tractio.
388 2200 424 2230 Id
438 2210 536 2230 unum
552 2198 662 2229 dixisse
677 2197 770 2228 liceat
786 2211 791 2227 :
814 2197 858 2228 Te
870 2197 973 2228 virum
987 2198 1103 2229 bonum
1118 2197 1269 2235 existimo,
1284 2207 1345 2237 quo
1359 2197 1484 2229 nomine
1499 2207 1620 2228 summa
1641 2207 1751 2228 rerum

243 2258 436 2297 laudumque
457 2257 656 2293 continetur3
678 2258 782 2295 teque,
804 2265 874 2285 cum
901 2255 940 2286 ob
955 2257 1045 2286 tuum
1066 2255 1104 2285 de
1126 2265 1175 2286 me
1189 2256 1345 2292 meritum,
1365 2257 1435 2286 tum
1450 2254 1585 2285 maxime
1606 2254 1645 2286 ob
1660 2257 1750 2286 tuam

254 2372 261 2388 ¹
279 2369 337 2397 PP.
356 2377 369 2396 e
388 2368 456 2396 Mur.
475 2367 540 2402 quis
1026 2367 1037 2383 ⁸
1056 2365 1101 2393 Gr.
1122 2365 1155 2393 de
1173 2365 1324 2400 sponsione
1344 2367 1393 2392 ma

253 2418 262 2432 *³
282 2414 337 2442 PP.
358 2424 371 2440 e
390 2413 461 2440 Mur.
480 2419 561 2439 senza
579 2419 598 2438 a
616 2419 659 2439 me
1054 2409 1131 2437 Ram.
1145 2409 1295 2444 perpetuis
1314 2409 1407 2437 invece
1427 2408 1454 2436 di
1467 2417 1525 2444 pro
1545 2409 1602 2437 mis

254 2462 264 2477 ³³
283 2459 367 2486 Marc.
381 2457 451 2484 Mur.
469 2455 644 2483 commendet
1017 2455 1039 2472 ¹0
1057 2453 1109 2481 Nei
1122 2453 1209 2482 codici
1228 2462 1261 2482 ac

253 2504 263 2522 *¹¹
283 2503 339 2531 PP.
358 2502 428 2529 Mur.
446 2500 613 2528 nzemorz'mn
1019 2500 1038 2516 ¹1
1059 2498 1121 2526 Cosi
1135 2499 1211 2526 Ram.
1226 2506 1239 2525 e
1250 2498 1312 2525 PP..
1328 2514 1359 2517 —
1373 2498 1418 2526 ΒΓ,
1433 2497 1478 2526 Gr,
1493 2506 1506 2526 ρ
1526 2498 1586 2527 ΡΜ,
1606 2498 1755 2528 reddidero

284 2547 339 2575 PP.
358 2546 461 2574 habeas
1017 2544 1040 2560 ¹'-¹
1059 2543 1104 2570 Gr.
1123 2550 1187 2571 vere

254 2594 264 2609 Γ)
284 2592 368 2619 Marc.
386 2590 527 2626 aggiunge
551 2588 630 2617 Totus
648 2588 682 2617 P.
709 2588 861 2624 Vera-erius
1015 2588 1036 2606 ¹3
1056 2587 1109 2614 Nei
1127 2586 1215 2615 codici
1226 2587 1383 2621 praecipue

255 2637 265 2655 ⁷
285 2636 330 2664 ΒΥ.
349 2635 411 2663 ΡΜ.
429 2643 443 2662 e
461 2634 538 2662 Ram.
558 2641 613 2661 non
632 2633 728 2661 dicono
747 2633 879 2661 Romam.
1017 2632 1037 2649 ¹⁴
1056 2631 1131 2659 Ram.
1152 2631 1207 2659 PP.
1226 2631 1284 2659 veri
1303 2630 1346 2658 vis
