1845 3076
740 191 878 216 EPISTOLE
1522 185 1563 216 79

58 275 163 308 studio
182 276 294 313 territi,
316 285 336 307 a
357 285 415 308 sua
435 275 614 307 curiositate
634 275 800 314 desistunt,
823 285 920 316 quam
941 275 1029 316 prius
1050 275 1178 308 errandi
1198 278 1284 308 metu
1304 279 1337 308 et
1357 276 1469 308 ardore
1482 286 1560 308 novo

58 333 197 365 discendi
211 333 363 364 indefesse
375 335 598 364 tractaverant.
622 332 842 373 Consimilique
863 333 952 365 modo
966 335 998 364 et
1013 333 1122 365 eadem
1143 343 1248 371 causa,
1268 334 1404 365 infantes
1418 344 1455 365 ac
1468 334 1560 374 pueri

58 389 162 421 omnia
181 389 310 427 visendi,
338 389 443 420 omnia
461 389 610 420 audiendi
632 389 738 429 cupidi
759 390 858 430 magis
877 392 951 421 sunt
972 400 1066 429 quam
1088 390 1129 421 ad
1148 390 1281 422 viridem
1303 394 1440 422 aetatem
1462 400 1560 431 usque

57 446 206 486 provecti.
226 445 291 477 Illis
314 446 405 483 6111111,
430 448 593 486 tamquam
621 446 743 477 noviter
763 447 796 477 in
816 446 913 478 lucen.
941 446 1041 485 editis,
1068 447 1174 479 omnia
1193 457 1273 479 nova
1292 450 1377 485 sunt,
1403 457 1485 488 quae
1506 447 1562 478 alii

56 506 186 543 propter
205 503 461 534 consuetudinem
482 503 594 534 audire
607 505 640 534 et
653 503 758 534 videre
779 503 904 543 parcius
924 506 1089 544 appetunt.
1112 504 1199 536 Idem
1213 504 1290 535 mihi
1310 505 1457 536 accidisse
1477 514 1561 536 nunc

57 559 155 591 sentio
169 560 186 590 ¹.
208 559 317 599 Nuper
338 560 429 598 enim,
454 560 556 591 nescio
577 569 639 600 quo
662 559 782 591 artifice
804 560 980 600 negotiator
993 561 1004 577 ²
1025 560 1162 598 effectus,
1183 571 1401 601 quaecumque
1422 561 1463 592 ad
1474 563 1484 578 ³
1505 561 1562 593 hu-

52 616 224 657 juscemodi
244 616 369 657 negotia
388 617 564 649 necessaria
583 619 666 654 sunt,
698 617 803 657 quoad
832 619 950 656 potero,
972 617 1111 658 undique
1133 618 1324 650 adminicula
1346 629 1559 659 conquaerere

57 673 165 711 statui,
185 673 297 713 1111111113
312 677 344 705 et
359 674 443 705 dives
465 676 496 705 et
516 674 549 704 in
571 673 685 705 futuris
706 674 874 714 agibilibus
887 674 907 711 ⁴,
922 684 1002 714 quae
1023 674 1064 706 ad
1084 685 1133 706 me
1148 675 1294 713 attinent,
1309 676 1431 707 cautior
1444 677 1455 693 ⁵
1476 675 1560 707 fiam.

55 729 105 761 Ad
119 733 151 761 te
163 730 270 770 igitur,
284 740 378 771 quem
399 730 460 762 fide
474 731 485 747 ⁵
505 731 706 770 conspicuum
727 741 795 763 esse
819 734 851 762 et
872 731 1058 770 apothecam
1078 732 1221 772 pretiosis
1241 733 1397 764 mercibus
1417 736 1449 764 et
1464 733 1564 764 omnis

55 787 178 827 generis
199 787 295 827 copiis
316 787 467 819 refertam
488 788 606 819 habere
627 788 761 828 percepi,
783 798 880 820 novus
902 791 934 820 et
954 789 1107 826 indoctus,
1136 792 1242 829 atque,
1263 789 1347 829 quod
1367 790 1478 821 vellem
1498 800 1560 821 non

55 854 128 876 vere
148 844 261 882 dicere,
282 845 371 885 inops
392 848 547 877 mercator
573 844 696 884 accedo,
728 855 822 885 quam
837 845 848 862 ⁷
868 845 975 885 plures
994 856 1032 877 ex
1052 846 1113 877 illis
1136 850 1309 886 empturm,
1335 857 1513 887 omnesque,
1535 847 1562 878 si

54 900 113 932 tibi
144 901 310 941 placuerit,
340 902 462 933 visurus
493 912 509 933 e
540 902 667 942 quantis
686 902 697 919 ⁸
727 902 872 942 pretiosis
903 913 941 934 ex
971 903 1214 943 pretiosioribus.
1249 904 1288 935 Et
1315 915 1331 935 e
1353 914 1507 941 converso,
1528 906 1561 935 te

54 960 191 997 auctore,
213 959 349 998 pretium
370 958 447 991 dare
467 959 592 990 discam.
624 959 780 990 Accedam
805 959 911 1000 igitur,
941 970 1037 1000 quam
1058 961 1193 1001 primum
1221 963 1343 1001 potero,
1374 971 1436 993 11011
1457 961 1562 992 minus

55 1025 150 1055 quam
171 1025 288 1047 merces
310 1018 392 1054 tuas,
413 1016 545 1056 cupidus
565 1018 597 1047 te
618 1016 754 1047 videndi.
777 1016 853 1047 Vale
875 1016 1007 1048 feliciter
1021 1018 1040 1049 ⁹.

752 1270 860 1302 LVIII.

293 1360 502 1393 MAGISTRO
524 1361 796 1394 BERNARDINO
816 1363 870 1394 DE
892 1362 1021 1395 IMOLA
1042 1363 1217 1396 RECTORI
1237 1364 1264 1396 S.
1287 1365 1325 1396 D.

555 1444 715 1474 BONONIAE,
737 1445 768 1467 1v
790 1446 858 1468 ΚΑΒ.
879 1446 944 1469 JAN.
966 1438 1052 1470 1398.

453 1512 517 1548 (Br.
531 1520 563 1547 p.
582 1512 639 1546 34;
663 1528 687 1530 -—
710 1512 782 1540 PM.
801 1521 822 1540 c.
842 1513 903 1547 98,·
924 1528 951 1532 -
974 1513 1037 1541 ΡΡ.
1055 1522 1083 1541 n.
1102 1514 1161 1548 63.)

131 1600 284 1631 Induxisti
304 1600 381 1632 mihi
401 1600 499 1632 literis
522 1599 586 1631 tuis
608 1600 790 1631 memoriam
812 1600 1039 1638 Demosthenis,
1060 1601 1123 1641 qui,
1144 1601 1363 1642 interrogatus,
1386 1613 1450 1643 qua
1464 1603 1502 1635 de
1523 1614 1558 1635 re

52 1658 186 1689 maxime
211 1657 348 1689 libenter
366 1657 502 1694 audiret,
531 1656 700 1696 respondit,
728 1656 754 1687 si
774 1657 843 1697 quis
863 1657 972 1689 laudes
992 1667 1063 1688 suas
1091 1658 1207 1698 optime
1228 1659 1354 1691 diceret.
1384 1660 1424 1691 Et
1443 1660 1560 1692 licebat

55 1714 180 1755 quidem
195 1715 253 1746 hoc
265 1714 302 1752 ei,
318 1715 381 1755 qui,
397 1724 508 1755 grecae
532 1713 730 1754 eloquentiae
750 1714 903 1754 princeps
919 1717 951 1745 et
964 1714 1103 1746 habebat
1124 1715 1156 1745 in
1177 1725 1210 1747 36
1225 1715 1301 1756 1111111
1322 1717 1434 1748 merito
1454 1717 1560 1749 lauda-

51 1773 148 1810 retur,
169 1774 201 1802 et
215 1774 346 1803 noverat
366 1781 428 1811 quo
442 1773 534 1811 pacto
556 1771 680 1802 laudari
701 1771 770 1811 quis
784 1771 901 1811 optime
921 1774 1033 1811 posset.
1055 1772 1119 1812 Ego
1139 1782 1222 1810 vero,
1243 1773 1268 1803 si
1283 1774 1359 1814 quid
1380 1784 1478 1806 essem
1494 1775 1560 1806 tale

51 1829 192 1866 meritus,
212 1830 355 1868 poteram
375 1838 529 1859 summam
549 1828 637 1859 illam
651 1828 799 1860 audiendi
819 1828 1024 1868 voluptatem,
1045 1839 1141 1869 quam
1160 1830 1185 1860 is
1205 1830 1265 1861 sibi
1285 1831 1497 1870 desiderabat,
1519 1843 1558 1864 ex

50 1885 181 1925 epistola
201 1890 258 1916 tua
279 1885 434 1925 consequi.
456 1885 572 1916 Parum
593 1885 676 1917 enim
696 1885 807 1922 abfuit,
828 1896 877 1922 ne,
906 1886 968 1917 mei
988 1896 1157 1926 rerumque
1178 1897 1320 1919 mearum
1342 1888 1466 1926 oblitus,
1488 1889 1556 1927 tibi,

51 1943 101 1974 cui
121 1942 171 1973 vix
193 1953 261 1974 sum
289 1942 339 1973 vel
360 1942 439 1974 facie
461 1943 612 1983 cognitus,
639 1943 744 1974 omnia
764 1943 803 1974 de
823 1953 874 1974 me
900 1943 1069 1981 crederem,
1097 1946 1188 1976 tanta
1208 1947 1372 1977 venustate
1399 1947 1558 1983 sermoniS,

50 2002 204 2040 tantaque
224 1999 347 2031 dicendi
367 2000 522 2040 gravitate
542 1999 651 2030 laudes
672 2010 756 2031 meas
776 2000 808 2030 in
824 2000 931 2032 stilum
944 2001 1058 2041 digeris
1073 2012 1231 2042 augesque
1247 2003 1268 2019 ¹⁰
1288 2003 1410 2034 utinam
1426 2013 1510 2035 meas
1525 2005 1555 2035 ¹¹.

51 2056 175 2088 Τ1111612
195 2057 286 2094 enim,
308 2057 455 2097 quonjam
471 2057 492 2074 ¹³
512 2057 571 2097 ipsi
598 2067 660 2088 non
681 2067 788 2089 sumus
809 2057 912 2093 ferrei,
935 2059 1016 2089 veris
1037 2058 1183 2090 laudibus
1210 2059 1441 2091 delectaremur
1457 2061 1486 2098 ¹⁴,
1503 2062 1558 2101 qui

50 2113 136 2145 falsis
156 2114 374 2146 erubescimus.
396 2113 488 2145 Nunc
508 2116 615 2145 autem
635 2114 714 2151 vide,
735 2124 796 2154 quo
810 2117 945 2154 uterque
965 2118 1107 2147 nostrum
1129 2126 1234 2147 errore
1256 2117 1486 2149 circumventus
1506 2118 1557 2149 sit.

51 2169 98 2202 Tu
111 2170 150 2203 de
166 2181 215 2202 me
231 2173 296 2202 tam
317 2171 481 2212 magnifice
498 2171 630 2211 judicas,
653 2181 745 2211 quem
758 2171 778 2189 ¹⁵
799 2182 861 2203 non
882 2172 982 2210 nosti;
998 2182 1053 2213 ego
1068 2183 1168 2213 paene
1183 2175 1319 2206 orationi
1334 2177 1408 2206 tuae
1429 2176 1557 2213 credidi,

61 2284 68 2299 ¹
91 2281 123 2310 G.
143 2289 222 2310 nunc
239 2282 349 2315 sentio;
368 2281 397 2309 in
416 2281 482 2309 altri
502 2280 589 2309 codici
614 2289 692 2310 mmo
716 2281 787 2309 milei
835 2282 845 2300 ⁸
865 2282 926 2310 Cos-i
947 2283 995 2318 G.;
1015 2283 1055 2319 gli
1076 2284 1141 2312 altri
1162 2285 1300 2313 omettono
1319 2293 1334 2313 e
1351 2287 1476 2321 quantis,
1496 2295 1509 2314 e
1529 2287 1558 2315 in

84 2334 99 2352 e
119 2327 186 2354 tunc
204 2326 275 2354 mihi
859 2326 942 2362 luogo
962 2327 989 2355 di
1009 2336 1043 2355 ex
1061 2328 1154 2356 hanno
1173 2330 1200 2356 ct

61 2370 73 2388 ²
91 2369 146 2398 ΡΡ.
166 2369 375 2405 neyotiatorum
834 2369 846 2389 ⁹
864 2369 926 2397 Cosi
947 2371 991 2404 G.;
1009 2370 1049 2405 gli
1069 2371 1134 2399 altri
1153 2380 1234 2400 senza
1255 2373 1443 2408 quest’ultima
1461 2374 1558 2409 parola

61 2415 71 2433 ³
90 2413 154 2442 cosi
174 2414 222 2448 (ἕης
243 2413 283 2450 gli
302 2413 368 2442 altri
386 2415 527 2442 omettono
546 2414 584 2442 acl
825 2414 849 2432 ¹⁰
866 2415 911 2442 Er.
930 2414 990 2442 PM.
1010 2415 1064 2443 ΓΡ.
1083 2417 1189 2450 amque

61 2458 72 2477 ‘²
90 2458 229 2494 Ayibiliffi
248 2457 361 2494 negotia
382 2458 438 2493 (Du
457 2458 562 2494 Gange)
825 2460 843 2476 ¹¹
866 2458 920 2486 ΡΡ.
940 2467 1019 2487 mens

61 2503 72 2520 ⁵
92 2502 123 2529 G.
142 2504 244 2530 cautus
822 2503 844 2520 ¹2
867 2502 954 2530 Tunc.
974 2511 1002 2530 se
1023 2503 1127 2532 fossero
1147 2504 1180 2533 da
1200 2504 1245 2532 noi
1266 2506 1390 2534 meritate

61 2547 72 2566 ⁶
91 2546 152 2574 Cosi
173 2547 222 2582 G.;
242 2546 282 2583 gli
301 2546 366 2575 altri
385 2547 498 2581 confido
822 2547 844 2565 ¹3
863 2547 918 2575 ΡΡ.
937 2548 1052 2582 «lucendo

62 2591 71 2609 ⁷
90 2590 144 2619 ΡΡ.
162 2599 225 2620 cum
822 2590 845 2610 Η
864 2591 918 2619 ΡΡ.
940 2591 1111 2620 delectamur

821 2635 843 2654 ¹⁵
863 2635 919 2664 ΡΡ.
938 2644 1025 2671 quam
