1845 3076
784 174 922 198 nrisronn
1556 167 1613 198 139

98 259 273 297 convenire,
295 259 404 300 quasi¹
426 269 476 290 res
496 258 579 289 ista2
600 258 746 290 manibus
766 258 934 289 tractanda
959 259 999 289 sit
1029 260 1086 289 aut
1106 258 1327 289 dimicatione³
1348 268 1513 298 corporum
1534 258 1614 290 deci-

98 317 209 349 denda.
232 316 279 348 Ex
300 326 361 356 quo
381 318 536 347 conventu
557 316 614 346 etsi
636 315 754 346 fructus
776 315 888 355 aliquis
909 315 1010 355 colligi
1039 316 1199 355 potuisset,
1225 315 1329 355 qu0d⁴
1355 318 1461 346 tamen
1486 315 1612 356 longum

63 377 67 379 ’
99 374 267 406 videbatur
288 373 366 404 illud
387 373 448 404 iter
468 376 510 410 et,
532 373 715 412 priusquam
736 372 775 403 de
796 373 862 403 loco
883 373 1047 403 convenire
1069 373 1158 403 nobis
1178 375 1291 412 posset,
1312 382 1461 413 magnum
1488 377 1613 412 tempus

99 431 292 471 elapsurum,
325 431 498 461 orationem
529 429 655 460 illorum
684 429 876 469 negleximus
895 429 914 466 ⁵,
945 439 1001 460 nec
1034 430 1111 460 satis
1138 429 1314 469 prospicere
1334 429 1345 445 '³
1376 430 1471 460 etiam
1489 430 1500 446 ⁷
1527 439 1612 461 nunc

98 497 273 529 possumus
294 487 369 528 quid
389 487 448 518 sibi
467 486 601 518 voluerit
628 496 666 517 ea
686 486 801 525 legatio
830 490 896 517 tam
918 486 1044 525 grandis
1072 490 1200 526 tamque
1222 486 1300 517 nihil
1328 486 1471 524 afferens,
1500 487 1559 518 nisi
1579 490 1615 518 ut

99 545 288 585 persuadere
310 544 426 575 mundo
447 546 579 585 possent,
600 553 633 574 se
654 543 799 574 unionem
821 544 968 574 ecclesiae
991 546 1109 583 optare,
1131 546 1163 574 et
1174 543 1193 581 ⁸,
1215 543 1298 583 quod
1321 546 1395 574 ante
1409 553 1499 583 saepe
1518 544 1616 584 jacta·-

99 604 220 639 verant,
247 611 313 633 esse
338 601 435 632 etiam
461 603 493 632 et
521 601 674 640 insuper-⁰
699 601 739 631 ad
767 600 1035 631 renunciationem
1062 604 1198 640 paratos9
1227 600 1310 631 unde
1337 611 1493 632 rumorem
1531 601 1615 632 hunc

99 662 226 700 possent
241 659 262 677 ¹⁰
282 659 375 699 vulgo
402 668 559 698 spargere,
587 658 756 689 cessionem
784 668 910 698 quoquc
930 668 949 688 a
970 668 1002 689 se
1023 657 1112 688 nobis
1133 657 1272 688 oblatam
1301 667 1373 689 esse.
1403 658 1493 696 Quod
1518 669 1615 698 quum

99 716 216 748 talsum
237 719 318 748 esset
339 726 395 747 nec
416 715 476 747 tibi
497 715 572 747 satis
594 715 801 755 exploratum,
831 717 950 746 temere
973 715 1090 745 assumi
1111 725 1131 746 a
1150 717 1181 746 te
1203 725 1265 745 non
1286 715 1403 746 debuit.
1433 716 1522 753 Quod
1543 726 1615 747 vero

100 774 196 805 etiam
215 773 359 805 libellum
379 773 515 804 illumin
530 772 665 803 Galliam
680 773 710 809 ¹¹,
734 775 769 803 ut
783 772 970 812 accepimus,
991 772 1200 809 transmisisti,
1223 772 1333 809 fecisti,
1356 776 1392 803 ut
1405 772 1453 803 illi
1473 772 1512 804 de
1533 783 1616 804 men-

103 830 191 862 dacio
211 841 266 862 suo
286 830 377 862 valde
400 830 459 861 sibi
481 829 605 870 placere
633 831 759 869 possent
780 831 811 860 et
832 829 1015 861 commentis
1040 829 1255 869 praeclar-ibus
1276 830 1411 869 gloriari.
1444 830 1533 867 Quod
1553 841 1615 861 non

100 888 191 919 modo
213 898 252 919 ex
271 887 398 918 indocta
419 887 510 927 plebe
531 887 671 918 homines
692 896 801 918 verum
829 886 1022 918 doctissimos
1045 896 1168 926 quoque
1188 887 1269 918 viros
1289 886 1340 918 hic
1360 887 1444 918 nacti
1459 887 1481 904 ¹²
1503 890 1615 925 essent,

104 945 158 985 qui
178 944 237 977 sibi
252 945 284 975 in
300 945 359 976 hoc
378 943 473 976 fidem
494 944 689 981 habere11t¹²³‚
711 954 808 984 quum
827 945 951 975 interea
965 944 1016 974 vix
1039 954 1077 975 ex
1093 944 1185 984 vulgo
1206 944 1362 984 quispiam
1384 947 1512 984 praeter
1530 947 1562 975 te
1578 945 1619 975 sit

99 1001 255 1040 inventus,
275 1002 330 1042 qui
350 1004 416 1033 tam
438 1002 530 1033 facile
551 1001 703 1039 crederet,
732 1011 823 1033 nemo
844 1004 929 1032 certe
951 1002 1005 1041 qui
1026 1001 1181 1032 creditum
1207 1004 1273 1032 tani
1294 1004 1474 1033 constanter
1502 1012 1619 1033 asseve-

99 1061 194 1090 raret.
224 1059 391 1091 Caeterum
409 1059 440 1097 Η,
463 1059 617 1099 quidquid
638 1059 691 1089 ille
712 1058 853 1090 facturus
875 1059 926 1098 sit,
952 1068 1007 1090 nos
1028 1062 1112 1090 certe
1140 1068 1243 1099 neque
1265 1059 1427 1099 dignitatis
1454 1059 1618 1099 splendore

98 1126 201 1156 neque
221 1115 286 1148 ullo
305 1116 427 1148 carnali
447 1115 574 1148 consilio
589 1116 703 1147 abduci
718 1125 892 1156 possumus,
908 1126 947 1147 ne
969 1116 1053 1156 quod
1073 1116 1269 1155 promisimus
1286 1116 1307 1133 ¹⁷¹
1329 1116 1447 1156 (idque,
1464 1116 1522 1147 etsi
1537 1116 1619 1147 nihil

99 1174 356 1214 promisissemus,
371 1174 486 1205 facturi
501 1173 608 1205 sedulo
625 1175 763 1213 eramus)
780 1174 895 1213 exequi
909 1174 993 1204 omni
1006 1174 1027 1190 ¹⁶
1041 1174 1144 1204 studio
1159 1184 1308 1204 conemur
1321 1174 1350 1204 ¹⁷.
1362 1174 1399 1204 In
1414 1184 1476 1214 quo
1490 1174 1617 1214 quidem

100 1230 180 1262 nihil
193 1231 296 1262 sensui
312 1234 419 1263 nostro
439 1231 623 1262 confidimus
638 1233 694 1262 aut
710 1232 865 1262 humanae
886 1230 1084 1270 prudentiae,
1099 1231 1155 1261 sed
1169 1241 1341 1270 speramus,
1363 1231 1446 1271 quod
1461 1231 1515 1271 qui
1532 1231 1619 1262 dedit

103 1298 160 1320 nos
180 1289 214 1319 in
228 1289 380 1320 cathedra
394 1289 479 1320 Petri
494 1288 602 1320 sedere
614 1289 636 1306 ¹⁸
655 1291 687 1319 et
702 1288 903 1328 Apostolatus
923 1288 1022 1319 vicen]
1037 1298 1131 1328 super
1151 1288 1304 1328 populum
1318 1298 1408 1319 suum
1430 1299 1547 1329 gerere,
1565 1289 1618 1320 ille

100 1355 156 1377 nos
175 1346 344 1386 inspirabit
364 1346 417 1386 qui
438 1346 471 1376 in
489 1356 544 1377 suo
565 1345 689 1377 nomine
709 1345 919 1386 congregandi
932 1355 1048 1383 summ,
1070 1345 1197 1377 modum
1218 1345 1392 1377 salutarem
1412 1346 1562 1384 invenire,
1585 1349 1618 1377 et

100 1402 285 1443 perficiendi
305 1403 490 1434 facultatem
510 1403 711 1434 ministrabit.
733 1402 812 1433 Eum
825 1403 846 1419 ¹⁰
867 1402 976 1442 itaque
997 1412 1131 1440 oramus,
1146 1405 1183 1434 ut
1197 1402 1252 1434 det
1274 1403 1365 1434 nobis
1379 1403 1412 1433 id
1431 1403 1533 1444 ipsum
1554 1414 1620 1435 sen-

100 1461 161 1492 tire
183 1462 215 1491 et
234 1470 336 1500 agere,
359 1460 442 1500 quod
463 1460 496 1490 in
517 1463 685 1500 conspectu
707 1460 883 1500 Majestatis
905 1460 1014 1490 suae‘20
1036 1462 1200 1500 acceptum
1223 1460 1271 1491 sit.
1294 1459 1384 1498 Quod
1398 1470 1471 1492 vero
1486 1460 1519 1491 in
1531 1461 1621 1493 initio

103 1517 182 1548 nihil
204 1517 245 1549 ad
266 1528 338 1548 eum
358 1517 510 1555 libellum,
533 1527 626 1557 quem
648 1517 688 1548 ad
709 1527 764 1548 nos
785 1517 993 1555 transmisisti,
1020 1517 1245 1557 respondimus
1272 1517 1306 1548 id
1326 1518 1513 1557 praestitere
1533 1529 1621 1550 occu-

101 1575 245 1615 pationes
264 1575 400 1615 suscepti
419 1575 542 1615 pridem
562 1575 652 1606 officii
672 1577 704 1606 et
724 1575 891 1614 pastoralis
912 1585 988 1606 cura
1010 1585 1048 1606 ex
1068 1575 1188 1606 recenti
1202 1575 1223 1591 ²¹
1246 1575 1336 1606 nobis
1356 1575 1510 1616 injuncta,
1530 1576 1619 1616 eujus

102 1642 190 1670 onus,
209 1642 285 1673 prae
299 1633 323 1650 Ὦ
343 1632 548 1664 multitudine
569 1643 676 1664 rerum
698 1642 780 1672 quae
800 1632 1003 1672 ingruebant,
1030 1632 1082 1663 vix
1104 1632 1187 1664 ferre
1207 1635 1396 1672 poteramus
1426 1632 1517 1664 Nunc
1536 1644 1620 1672 vero,

101 1689 218 1721 laxatis
238 1699 277 1721 ex
296 1692 439 1729 tempore
459 1689 570 1720 studiis
592 1689 762 1724 hominum,
784 1692 815 1722 et
837 1690 920 1729 quod
941 1690 1117 1729 proximum
1132 1690 1154 1707 ⁴³³
1176 1693 1225 1721 est
1246 1690 1285 1721 de
1307 1690 1366 1721 hac
1387 1700 1482 1721 causa
1502 1690 1622 1722 consul-

102 1749 183 1784 tare,
202 1746 280 1778 haec
300 1747 332 1777 in
354 1757 502 1786 praesens
516 1749 608 1778 tanta
629 1747 845 1786 respondimus
857 1747 888 1778 Ἠ.
911 1747 1043 1778 Caetera
1062 1757 1145 1784 vero,
1166 1757 1249 1787 quae
1269 1747 1301 1778 in
1323 1747 1544 1787 disputationis
1557 1748 1620 1778 vim

103 1804 218 1835 adduci
238 1804 271 1835 in
292 1807 384 1835 tuum
408 1804 551 1836 libellum
571 1807 701 1844 possunt
716 1804 747 1841 2⁵,
775 1804 889 1835 dilecto
910 1804 976 1835 filio
1002 1807 1108 1835 nostro
1130 1804 1224 1836 Petro
1245 1804 1349 1836 Paulo
1377 1805 1516 1845 Veryerio
1536 1815 1622 1836 man-

104 1861 255 1900 davimus,
276 1864 312 1893 ut
325 1872 381 1894 suo
402 1862 528 1893 nomine
543 1861 584 1893 ad
596 1864 628 1893 te
648 1861 808 1893 scriberet.
830 1862 1001 1899 Postremo,
1021 1872 1119 1902 quum
1135 1862 1332 1893 Leonarclum
1345 1863 1511 1893 Aretinwn
1532 1863 1622 1894 nobis

102 1919 310 1957 commendas,
339 1920 414 1950 facis
441 1919 569 1959 quidem
596 1929 653 1959 pro
680 1919 804 1960 ingenio
832 1921 886 1950 tuo
914 1919 1048 1959 benigne
1067 1919 1099 1957 ²⁶,
1127 1929 1184 1959 pro
1213 1919 1298 1951 illius
1332 1929 1405 1951 vero
1433 1930 1527 1951 causa
1558 1930 1622 1951 non

114 2082 123 2101 ¹
144 2082 200 2110 ΡΡ.
219 2091 307 2118 quam
325 2090 374 2117 per
392 2081 476 2117 quasi
883 2082 906 2101 Η
924 2082 986 2111 PM.
1006 2083 1109 2111 iterum
1127 2091 1176 2117 per
1194 2084 1338 2111 caeterum

116 2126 127 2145 ²
144 2127 191 2156 Br.
211 2127 272 2156 PM.
290 2127 355 2162 ipsa
373 2134 422 2161 per
440 2126 498 2154 ista
881 2127 904 2146 ¹5
923 2128 967 2155 Βι·1
988 2127 1049 2155 PM.
1068 2127 1141 2162 qnid
1151 2127 1376 2162 promiserimus

115 2171 126 2191 ³
143 2171 200 2200 ΡΡ.
219 2171 410 2199 diminutione
882 2172 906 2191 ⁴⁶³
923 2172 980 2200 ΡΡ.
1000 2172 1097 2199 omnia

115 2214 126 2235 ⁴
144 2216 200 2244 ΡΡ.
219 2215 289 2252 quia
306 2223 355 2250 per
373 2214 450 2250 quod
882 2216 904 2235 ¹7
922 2217 970 2245 Br.
989 2216 1050 2244 PM.
1068 2224 1208 2244 conamur

114 2260 126 2280 ⁵
143 2260 199 2289 ΡΡ.
217 2259 429 2296 ozeyleoeerimus
881 2262 903 2279 ¹⁸
922 2262 968 2290 ΒΥ.
986 2261 1080 2289 sedem

113 2304 125 2325 ⁵
143 2304 199 2333 ΡΡ.
211 2305 376 2340 perspicere
880 2305 904 2325 ¹⁹
922 2306 979 2334 ΡΡ.
1005 2305 1080 2333 Tum

114 2348 126 2368 ⁷
144 2349 206 2377 PM.
225 2351 253 2377 et
269 2357 318 2385 per
335 2349 422 2378 etiam
882 2351 906 2370 2⁰
924 2351 972 2379 Br.
990 2349 1051 2379 PM.
1070 2357 1140 2378 suae
1157 2349 1316 2385 majestatis

115 2393 128 2413 ⁸
145 2393 202 2422 ΡΡ.
220 2395 328 2429 optare.
346 2393 404 2429 Ec;
423 2394 469 2423 Br.
490 2393 550 2423 PM.
569 2401 653 2422 senza
669 2395 698 2423 et
881 2394 903 2413 2¹
923 2395 969 2423 ΒΥ.
989 2395 1130 2423 emet-centa·
1148 2402 1196 2429 per
1215 2402 1249 2422 ex
1267 2393 1388 2429 recent&
1409 2393 1454 2422 ΒΓ.
1468 2393 1628 2422 exercenda

116 2437 129 2458 ⁹
145 2438 202 2467 ΡΡ.
220 2446 304 2466 senza
320 2439 348 2467 et
363 2438 484 2473 insuper
883 2439 907 2458 22
925 2439 982 2467 ΡΡ.
994 2447 1054 2473 pro

105 2481 130 2503 ⁴0
147 2482 204 2511 ΡΡ.
215 2484 337 2518 possent
354 2482 431 2511 Imm:
883 2483 907 2502 ⁴2³
925 2483 972 2512 Br.
992 2483 1054 2511 PM.
1067 2483 1244 2518 permissum
1262 2490 1311 2518 pei·
1322 2482 1492 2517 proximum

104 2526 126 2546 ¹¹
146 2527 193 2556 Br.
217 2527 360 2563 Angliam
384 2535 398 2555 e
421 2527 470 2563 poi
491 2528 614 2556 corretto
639 2526 669 2556 in
697 2527 845 2564 Galliam3
883 2527 906 2547 ‘²4
924 2528 986 2557 PM.
1004 2527 1254 2563 respondebimus3
1272 2527 1318 2555 Br.
1338 2526 1400 2554 PM.
1419 2527 1563 2555 caeterum

139 2570 201 2600 PM.
218 2570 360 2608 Anyliam
882 2573 905 2592 ‘2⁵
924 2572 985 2601 PM.
998 2572 1116 2607 possint

104 2615 129 2634 ¹²
147 2616 194 2645 Br.
212 2616 277 2644 nati
882 2617 907 2636 ²⁶
925 2617 987 2645 PM.
1007 2616 1075 2645 bene

103 2659 127 2679 ¹³
145 2659 192 2690 Br.
210 2659 326 2689 haberet
