1845 3076
251 154 309 186 142
887 162 912 184 P.
935 162 961 184 Ρ.
982 161 1133 185 VERGERIO

329 246 388 277 Sed
409 246 448 277 de
468 245 517 276 his
536 245 613 277 satis
639 245 671 276 in
693 245 883 285 praesentia.
911 245 1004 277 Nunc
1024 256 1096 277 vero
1117 245 1155 276 de
1178 256 1215 277 ea
1234 256 1269 277 re
1289 247 1366 277 mihi
1385 249 1489 278 tecum
1519 247 1676 287 agendum
1707 250 1766 286 est,

250 305 445 344 quapropter
465 303 539 333 hinc
558 303 633 334 abes
649 303 667 333 ¹.
689 302 727 332 In
740 312 812 342 qua,
833 302 858 333 si
879 303 955 342 quid
975 303 1191 334 vehementius
1206 306 1237 334 te
1258 314 1417 343 rogavero,
1438 304 1463 334 si
1477 304 1555 344 quid
1574 304 1765 336 admonuero

250 360 441 401 diligentiUS,
464 360 618 391 desiderio
639 369 707 391 meo
728 360 851 391 veniam
867 360 952 391 dato.
973 361 1075 400 Agere
1096 360 1179 391 enim
1195 363 1227 391 et
1241 371 1331 392 orare
1352 371 1408 401 pro
1430 362 1534 401 patria
1554 361 1630 392 mihi
1651 362 1767 393 videor.

249 417 332 449 Nam
353 420 560 457 posteaquam
581 427 667 457 puer,
689 426 795 448 eversa
815 417 916 448 natali
936 417 1050 457 patria,
1072 417 1259 458 Forumjulii
1279 418 1406 450 biennio
1426 428 1497 449 cum
1516 419 1702 458 parentibus
1721 419 1768 449 in—

250 475 340 513 colui,
361 475 416 506 ubi
431 475 441 491 2
463 475 561 514 (quod
574 485 697 515 semper
711 484 787 514 prae
803 484 852 506 me
873 474 986 514 feram)
1001 475 1012 492 ³
1034 477 1065 506 et
1079 475 1277 506 humanitate
1290 475 1392 506 multa
1407 478 1438 506 et
1452 475 1610 507 beneficiis
1623 476 1767 516 plurimis

250 533 380 563 comiter
400 532 511 569 habiti,
525 531 558 562 in
570 542 693 563 summa
713 532 894 562 calamitate
909 531 1025 563 fuimus
1036 532 1062 562 ⁴:
1084 532 1131 563 ita
1146 532 1271 572 quidem
1286 533 1412 572 penitus
1427 533 1530 564 animo
1545 543 1612 564 meo
1632 533 1768 565 inhaesit

249 590 337 621 sedes
358 589 414 620 illa
435 592 602 626 terrarum,
624 591 660 620 ut
680 591 788 628 postea
809 599 932 628 semper
952 589 1018 620 1000
1039 590 1161 629 patriae
1184 590 1260 620 mihi
1281 590 1461 621 haberetur.
1485 590 1525 622 Et
1547 600 1621 621 sane
1642 590 1687 621 nil
1708 601 1764 631 ego

251 647 363 678 extra5
388 647 511 677 ltaliam
531 646 604 683 vidi,
625 656 757 686 eamque
778 646 878 686 ipsam
898 657 960 678 non
981 657 1114 678 omnem.
1135 646 1195 678 Sed
1209 657 1328 684 earum,
1349 657 1426 686 quas
1448 647 1557 687 utique
1578 648 1683 679 videre
1699 658 1767 679 0011-

251 704 325 743 tigit
340 704 350 719 ‘¹
376 704 549 743 regionum,
580 703 669 734 nulla
696 706 751 734 aut
778 707 947 743 prospectu
972 704 1049 734 coeli
1070 707 1126 734 ant
1146 704 1220 740 situ,
1250 704 1478 744 fertilitateque
1504 707 1671 742 terrarum,
1699 707 1765 742 aut,

251 761 336 801 qnod
365 765 440 792 ante
461 761 565 792 onmia
592 761 798 801 praecipuum
820 763 875 798 est,
903 761 1101 801 indulgentia
1128 762 1299 799 hominum,
1327 764 1476 802 praestat.
1506 762 1551 792 Ac
1571 762 1617 792 ita
1643 762 1768 802 quidem

251 819 459 850 constitutum
475 820 521 849 est
534 818 619 855 mihi,
641 821 686 854 ut,
708 818 733 848 si
749 828 889 857 unquam
912 828 997 849 more
1016 819 1196 858 judicioque
1211 829 1279 850 meo
1294 819 1396 850 vivere
1412 819 1487 849 mihi
1507 819 1611 857 liceat,
1633 829 1670 850 ea
1684 819 1769 850 vitae

253 876 425 916 mortisque
445 876 532 907 sedes
547 876 594 906 sit.
612 874 821 912 Quamobrem
843 886 957 915 magna
972 885 1021 906 me
1035 875 1211 907 sollicitudo
1231 878 1328 915 tenet,
1343 887 1382 907 ne
1396 876 1471 916 quid
1494 877 1622 916 ingruat
1637 876 1768 914 adversi,

253 944 293 965 ne
314 933 391 973 quid
411 934 556 973 patiatur
575 932 770 963 incommodi.
793 932 887 962 Vides
909 935 1033 972 gentem
1055 933 1152 969 illam,
1174 933 1206 963 in
1227 943 1349 964 summa
1374 933 1522 965 libertate
1543 936 1661 971 natam,
1689 933 1769 965 solu-

252 991 379 1022 tissimis
407 990 529 1031 legibus
556 990 676 1021 vivere:
707 999 787 1029 quae
809 999 859 1020 res
880 1000 945 1021 esse
975 990 1088 1021 damno
1109 990 1188 1022 solet
1217 991 1273 1028 his,
1303 991 1423 1030 quinti
1445 991 1586 1022 nesciant
1613 991 1769 1022 libertate.

253 1048 365 1085 Sentis,
386 1047 533 1087 gravibus
551 1047 635 1078 inter
651 1057 684 1078 se
695 1047 705 1063 ⁷
727 1047 805 1078 odiis
820 1057 882 1077 non
903 1047 994 1078 modo
1014 1047 1151 1087 privatos
1166 1050 1222 1078 aut
1236 1047 1391 1088 principes
1405 1048 1496 1085 viros,
1520 1048 1575 1079 scd
1591 1050 1622 1078 et
1635 1047 1770 1088 populus

254 1105 410 1142 laborare,
440 1107 508 1135 tum
538 1105 665 1144 quidem
694 1114 732 1135 ex
761 1104 979 1144 praesentibus
1006 1104 1117 1142 0311010,
1144 1115 1239 1144 (1113111
1267 1105 1388 1136 damnis
1419 1108 1504 1136 retro
1530 1105 1602 1136 latis
1615 1105 1635 1142 ⁸,
1667 1115 1703 1136 ac
1730 1115 1771 1136 ne

254 1163 357 1193 minus
378 1162 504 1202 quidem
526 1172 564 1193 ex
585 1172 630 1200 ea,
660 1171 741 1202 quae
767 1162 906 1192 omnium
933 1162 1089 1192 malorum
1117 1164 1218 1193 mater
1240 1165 1295 1199 est,
1321 1162 1446 1194 invidia.
1476 1163 1606 1193 Accedit
1631 1162 1671 1193 ad
1692 1162 1772 1193 haec

253 1230 375 1251 summa
392 1230 498 1251 rerum
519 1219 657 1250 onmium
673 1220 770 1259 copia,
792 1229 873 1259 quae
894 1219 1025 1250 laxivire
1046 1220 1165 1250 animos
1179 1220 1264 1257 facit,
1285 1230 1342 1251 nec
1356 1220 1439 1250 sinat
1461 1230 1536 1250 suae
1557 1220 1638 1260 ipsos
1659 1219 1770 1251 salutis

253 1278 441 1315 meminisse,
463 1279 495 1308 et
516 1265 684 1308 assuetudo
705 1277 862 1316 quaedam
883 1277 949 1317 jam
972 1276 1056 1307 sacta
1077 1277 1241 1308 bellorum.
1271 1276 1411 1317 Cumque
1432 1277 1551 1308 dudum
1571 1277 1770 1317 pacatissima

252 1336 338 1375 regio
358 1345 423 1366 esse
446 1335 579 1372 solebat,
600 1345 702 1374 nuper
723 1338 753 1366 et
774 1335 911 1366 externis
932 1336 964 1365 et
984 1335 1116 1365 internis
1137 1334 1228 1366 bellis
1250 1335 1424 1366 exercitata
1438 1337 1491 1365 est.
1515 1335 1661 1366 Imminet
1681 1344 1768 1374 prae-

252 1396 341 1424 terea
363 1403 593 1433 usquequaque
615 1403 677 1424 non
705 1392 903 1432 aspernenda
930 1402 990 1430 res,
1017 1394 1182 1432 metusque
1196 1392 1207 1409 9
1235 1392 1475 1429 Germanorum,
1502 1403 1540 1423 ex
1561 1402 1624 1432 qua
1643 1392 1770 1423 natione

257 1451 358 1483 editus
375 1450 501 1482 Patriae
521 1460 648 1490 praeses
661 1451 777 1481 occisus
798 1451 853 1480 est.
868 1449 977 1480 ἰ11111011
988 1450 1009 1466 ¹⁰
1031 1449 1078 1480 illi
1091 1452 1182 1480 erant
1196 1450 1310 1480 summi
1330 1450 1486 1490 principes
1507 1449 1659 1489 sanguine
1675 1451 1772 1489 atque

253 1508 428 1539 arctissima
448 1507 685 1539 necessitudine.
710 1506 793 1545 Quos
815 1509 926 1546 optare
947 1506 1117 1538 vindictam
1138 1507 1399 1538 verisimillimum
1419 1507 1495 1538 mihi
1516 1507 1641 1538 videtur
1674 1531 1680 1538 .
1703 1530 1710 1537 .

254 1589 408 1597 ......
431 1564 668 1605 (desiderantur
690 1564 828 1604 reliqua)
844 1564 873 1595 ¹¹.

258 2296 266 2312 1
288 2294 343 2322 PP.
362 2294 449 2322 habes
1039 2292 1050 2309 ⁹
1070 2291 1115 2320 Br.
1135 2290 1225 2326 prima
1244 2299 1258 2319 e
1277 2291 1337 2320 PM.
1357 2299 1561 2327 Usquequaque
1583 2292 1771 2327 aspernenda.

257 2341 269 2358 2⁷
288 2339 344 2367 PP.
364 2338 464 2366 omette
482 2337 503 2365 Γ
514 2337 564 2365 ubi
1065 2335 1125 2364 PM.
1146 2335 1204 2363 (1100
1223 2335 1272 2363 che
1290 2336 1312 2364 il
1329 2336 1347 2363 4
1366 2336 1458 2365 codice
1476 2337 1513 2364 ha
1531 2345 1598 2365 non.
1618 2336 1771 2365 L'annota-

257 2385 267 2403 ³
287 2383 366 2411 Prae
384 2391 413 2410 se
431 2382 518 2417 ferre,
535 2380 668 2416 vantare3
687 2379 743 2408 PP.
755 2388 829 2416 per3
849 2379 895 2409 Br.
914 2379 990 2408 nella
1061 2381 1120 2408 tore
1140 2380 1184 2408 del
1202 2379 1263 2407 PM.
1277 2380 1423 2414 preferisce
1442 2381 1539 2416 questa
1557 2380 1669 2415 lezione‚
1681 2388 1694 2408 e
1707 2380 1771 2409 leva.

281 2428 403 2463 ripetuta
415 2435 490 2462 prog
510 2426 557 2454 ΒΓ.
574 2425 665 2461 prima
677 2433 710 2460 p.
1063 2423 1082 2452 Γ
1091 2424 1228 2460 aggiunta
1246 2423 1291 2452 del
1309 2433 1363 2460 que
1382 2424 1439 2452 alla
1457 2425 1555 2460 parola
1572 2426 1665 2453 metus

257 2474 267 2491 ⁶¹
286 2473 342 2501 ΓΡ.
362 2472 444 2500 mette
463 2472 550 2506 punto
569 2470 660 2505 prima
678 2469 707 2497 di
724 2469 766 2498 ita
1029 2470 1051 2486 ¹⁰
1070 2469 1116 2498 Br.
1135 2477 1149 2496 0
1169 2468 1229 2497 PM.
1248 2469 1373 2505 inventi3
1392 2469 1438 2497 ΒΓ.
1456 2469 1507 2504 rip.
1521 2469 1620 2503 juncti

258 2519 269 2536 ⁵
288 2517 391 2545 Alcuni
409 2515 496 2545 codici
515 2515 609 2543 hanno
629 2522 687 2543 esse
1029 2515 1049 2531 1¹
1070 2513 1105 2541 In
1123 2512 1177 2541 fine
1196 2513 1257 2541 PM.
1271 2513 1345 2542 dice:
1366 2526 1375 2537 «
1391 2513 1442 2548 Ep.
1461 2513 1528 2542 haec
1546 2513 1708 2548 imperfecta
1719 2512 1770 2542 est.

255 2564 267 2580 ⁶
286 2562 331 2590 ΒΓ.
352 2570 366 2589 0
386 2561 446 2589 PM.
465 2560 607 2595 continyit
1062 2557 1156 2586 e-licet
1167 2557 1251 2586 titulo
1271 2559 1370 2591 careat,
1384 2557 1451 2586 mihi
1464 2557 1556 2586 tamen
1569 2565 1618 2592 pro
1631 2556 1768 2592 comperto

255 2608 267 2625 ⁷
285 2607 341 2634 PP.
360 2606 495 2633 interesse
1061 2603 1112 2637 est,
1132 2601 1264 2637 scriptam
1283 2610 1342 2630 eam
1361 2610 1419 2630 esse
1433 2602 1468 2630 ad
1482 2601 1672 2630 Patriamham
1683 2600 1775 2636 Aqui-⁷

255 2652 267 2670 ⁸
285 2651 342 2679 PP.
361 2658 375 2678 e
394 2650 440 2678 ΒΓ.
458 2648 548 2685 prima
567 2648 611 2677 Ac
1063 2647 1194 2683 lejensem
1211 2659 1222 2670 υ
