1845 3076
250 158 286 188 10
882 165 907 186 Ρ.
928 164 952 186 P.
975 163 1122 186 VERGERIO

979 293 1031 323 IX.

637 386 704 422 (ΒΓ.
718 395 750 421 1).
770 386 825 419 713
844 402 878 406 —
897 385 968 413 PM.
987 394 1009 413 c.
1028 385 1102 421 135,
1124 401 1154 404 —
1175 386 1236 414 PP.
1258 395 1284 414 11.
1304 387 1384 423 118.)

329 476 423 507 Pater
444 475 622 506 beatissime
639 475 657 505 ¹.
688 475 724 505 A.
747 473 1003 505 Wadislaviensis
1015 473 1035 510 2,
1067 474 1271 513 praepositus,
1303 474 1501 505 decretorum
1522 484 1618 505 novus
1639 474 1760 514 doctor,
1777 511 1782 517 ⁸

228 534 418 575 ¹multarum
450 532 501 563 hic
521 532 675 563 bonarum
706 541 813 562 rerum
834 530 1084 570 experimentum
1105 530 1202 562 dedit.
1233 530 1317 562 Nam
1337 531 1393 571 qui
1423 531 1511 562 brevi
1531 533 1671 571 tempore
1690 533 1761 562 tam
1822 519 1825 531 η’

246 591 381 621 multum
410 590 444 620 in
462 589 543 630 juris
565 589 705 620 canonici
725 588 891 628 disciplina
910 587 1088 627 profecerit,
1112 597 1131 618 a
1151 597 1213 628 quo
1233 587 1337 619 studio
1353 588 1542 628 jamdudum
1563 588 1760 627 desueverat,

244 648 338 679 fidem
360 647 445 683 facit,
467 656 529 676 non
549 648 616 676 tam
634 645 773 686 juvenile
796 644 1029 675 adolescentum
1050 653 1192 681 acumen,
1214 654 1309 684 quam
1322 645 1422 676 solida
1443 645 1581 676 virorum
1602 647 1762 685 provecto-

245 715 317 735 rum
337 704 473 744 ingenia,
494 713 552 733 usu
574 713 680 733 rerum
700 702 910 742 gerendarum
931 702 1060 738 adtrita,
1082 701 1188 733 valere
1208 701 1249 732 ad
1272 702 1507 741 percipiendam
1525 702 1605 742 juris
1625 701 1760 742 pruden-

245 762 340 799 diam,
363 763 395 793 et
417 763 534 797 vetera,
556 770 638 800 quae
656 760 721 798 jam
748 760 899 790 memoria
920 759 1112 795 exciderant,
1132 758 1256 790 facilius
1277 759 1416 790 revocari
1440 769 1527 799 posse
1548 769 1643 799 quam
1663 759 1762 790 inseri

244 829 338 850 nova.
361 818 555 849 Assiduitate
576 817 642 848 veri
662 817 759 848 studii
778 820 809 848 et
831 816 1010 856 frequentia
1031 816 1172 847 lectionis
1193 816 1337 853 ostendit,
1359 816 1435 856 quid
1455 826 1542 847 mens
1563 816 1759 856 passionibus

244 876 307 907 suis
327 876 484 915 imperare
506 875 567 906 sibi
588 874 685 915 possit
706 874 828 905 honesti
850 874 977 913 laboris,
999 884 1096 913 quum
1117 873 1239 904 nullum
1261 876 1384 914 tempus
1411 883 1544 904 vacuum
1564 873 1653 905 abire
1673 876 1760 913 pate-

244 936 341 971 retur,
374 943 436 972 quo
457 942 520 963 non
541 932 666 963 audiret
699 932 747 963 vel
769 932 897 972 legeret,
931 931 1140 962 meditaretur
1160 930 1199 962 de
1220 931 1319 962 literis
1350 933 1407 962 aut
1428 931 1592 962 conferret.
1614 930 1674 962 Sed
1694 931 1755 962 hae

245 990 378 1021 forsitan
411 1000 482 1021 cum
503 989 612 1020 multis
633 999 778 1020 comunes
799 991 873 1020 sunt
892 989 1011 1020 laudes.
1042 989 1088 1019 Ea
1108 998 1181 1019 vero
1202 990 1331 1028 propria
1351 990 1398 1019 est
1421 997 1459 1018 ac
1478 987 1653 1028 singularis,
1674 988 1761 1028 quod

242 1047 484 1079 mansuetudine
504 1057 541 1078 ac
562 1047 720 1087 probitate
741 1056 798 1078 sua
812 1049 935 1077 tantam
948 1048 958 1063 ³
981 1046 1031 1076 hic
1045 1045 1295 1077 benevolentiam
1309 1045 1471 1076 hominum
1491 1045 1551 1076 sibi
1565 1045 1761 1085 comparavit

243 1109 281 1137 ut
303 1105 419 1142 nullus,
440 1115 535 1145 quem
550 1114 605 1144 ego
621 1105 742 1144 uspiam
764 1104 904 1141 viderim,
925 1106 981 1134 aut
996 1104 1134 1134 residens
1153 1104 1243 1134 tanto
1264 1102 1367 1133 studio
1388 1102 1492 1133 cultus
1512 1102 1562 1140 sit,
1576 1104 1633 1134 aut
1652 1102 1762 1134 abiens

246 1165 337 1194 tanto
358 1162 498 1193 omnium
528 1161 682 1192 desiderio
706 1161 858 1192 dimissus.
890 1160 972 1191 Nam
993 1163 1121 1200 praeter
1142 1160 1291 1196 indoctos,
1314 1169 1391 1200 quos
1419 1159 1534 1191 multos
1555 1159 1764 1191 admiratione

243 1220 368 1251 virtutis
392 1222 424 1250 et
446 1218 648 1250 liberalitatis
680 1218 779 1249 officio
809 1218 971 1254 asciverat,
992 1227 1085 1248 nemo
1105 1219 1189 1248 certe
1210 1217 1319 1248 literas
1339 1219 1478 1255 noverat,
1510 1217 1565 1256 qui
1584 1216 1675 1247 illum
1695 1226 1760 1248 non

245 1280 362 1315 noscet,
383 1287 475 1308 nemo
491 1277 586 1315 novit,
608 1276 663 1315 qui
683 1286 746 1306 non
759 1278 890 1306 amaret.
914 1274 1122 1315 Quapropter,
1143 1285 1213 1305 cum
1235 1277 1330 1305 antea
1348 1284 1480 1314 semper,
1500 1276 1569 1304 tum
1583 1284 1656 1305 vero
1669 1283 1759 1314 prae·

242 1335 333 1375 cipue
366 1335 399 1365 in
421 1334 481 1365 hac
500 1343 558 1364 sua
587 1333 740 1364 doctorali
762 1333 965 1373 promotione,
998 1332 1142 1364 certatim
1164 1342 1270 1363 omnes
1290 1334 1323 1363 et
1350 1331 1494 1363 assistere
1515 1331 1610 1363 rebus
1631 1330 1763 1362 admini-

243 1392 381 1423 strandis
403 1394 435 1423 et
453 1390 577 1422 deferre
598 1401 694 1431 quam
709 1390 881 1431 plurimum
895 1392 1020 1430 possent
1034 1390 1158 1421 honoris
1172 1391 1372 1421 curaverunt.
1386 1389 1552 1420 Caeterum
1567 1389 1645 1420 haec
1658 1388 1760 1420 scribo

243 1453 280 1480 ut
300 1450 391 1480 illum
414 1449 522 1479 videar
537 1458 601 1478 non
621 1450 687 1479 tam
703 1447 834 1479 laudare
855 1458 950 1487 quam
971 1457 1059 1479 nosse
1073 1447 1094 1482 ⁴,
1116 1457 1173 1478 nec
1192 1449 1259 1478 tam
1273 1446 1422 1478 meritum
1437 1447 1513 1486 ejus,
1535 1446 1620 1486 quod
1637 1445 1763 1487 jamdu-

246 1507 323 1538 dum
343 1507 477 1538 Vestrae
498 1505 670 1537 Sanctitati
685 1505 847 1545 cognitum
864 1507 919 1541 est,
935 1515 1030 1544 quam
1046 1507 1185 1536 nostram
1199 1504 1370 1536 amicitiam
1386 1503 1557 1541 declarare,
1569 1521 1608 1526 —
1622 1512 1763 1543 sperans,

243 1564 328 1605 quod
348 1566 437 1595 tanto
459 1573 511 1594 ero
532 1562 665 1594 Vestrae
686 1562 855 1594 Sanctitati
875 1563 1042 1602 acceptior,
1066 1564 1184 1602 quanto
1205 1561 1252 1592 illi
1273 1561 1361 1592 fuero
1395 1561 1537 1593 caritatis
1574 1562 1606 1592 et
1625 1561 1758 1592 benevo-

243 1622 360 1653 lentiae
386 1621 448 1652 fide
469 1620 673 1661 conjunctior,
694 1630 788 1660 quem
810 1629 908 1660 spero,
929 1619 1026 1651 dante
1048 1620 1124 1658 Deo>
1144 1619 1290 1650 celeriter
1306 1618 1445 1650 Romae⁵
1464 1618 1620 1658 consequi,
1636 1626 1762 1657 meque,

244 1682 313 1719 post
329 1689 411 1716 611111,
433 1677 601 1710 Sanctitati
623 1679 745 1708 vestrae
767 1677 923 1708 mandatis
944 1679 1142 1717 praesentem
1162 1675 1283 1707 offerre.

988 1925 1025 1956 X.

465 2020 723 2053 COLUTIO
755 2019 930 2050 PETRI
964 2019 1031 2049 DE
1066 2017 1400 2050 SALUTATIS
1433 2017 1460 2050 S.
1493 2018 1531 2049 D.

820 2102 948 2132 PADUAE,
969 2103 991 2125 X
1011 2102 1074 2125 MAY
1097 2094 1183 2125 1391.

518 2163 550 2199 E
566 2171 693 2206 περσεία
711 2169 773 2198 alla
792 2169 892 2198 lettera
910 2169 956 2198 del
978 2168 1096 2197 Colucz'o
1114 2185 1147 2189 —
1167 2168 1305 2197 Haberem
1323 2169 1414 2197 tecum
1434 2190 1440 2196 .
1459 2191 1466 2198 .
1486 2190 1493 2197 .

439 2242 506 2278 (Br.
519 2250 553 2278 p.
572 2241 612 2269 63
632 2243 670 2275 t.,·
691 2257 723 2260 —
748 2240 800 2269 Gr.
818 2249 840 2269 c.
861 2240 936 2275 116;
957 2256 988 2260 —
1008 2240 1044 2268 P.
1064 2239 1108 2268 M.
1127 2249 1150 2269 c.
1170 2239 1230 2268 126
1244 2241 1283 2274 t.‚·
1303 2256 1335 2260 —
1354 2239 1390 2268 P.
1409 2239 1445 2268 P.
1463 2247 1492 2268 n.
1512 2239 1570 2275 16.)

305 2332 437 2363 Brevem
459 2341 479 2362 a
499 2332 531 2362 te
551 2329 663 2370 pridie,
685 2330 777 2369 pater
798 2329 925 2369 optime,
947 2328 1002 2360 sed
1013 2330 1181 2367 maturam,
1201 2327 1256 2359 sed
1267 2327 1489 2369 gravissimam,
1512 2329 1544 2359 et
1558 2336 1641 2368 quae
1655 2327 1761 2359 aucto-

246 2400 315 2421 rem
328 2399 419 2420 suum
435 2388 541 2429 palam
555 2386 710 2424 ostendat,
731 2386 896 2427 epistolam
919 2386 1026 2424 habui,
1047 2388 1200 2426 paternae
1216 2385 1381 2417 charitatis
1395 2384 1603 2416 certissimum
1622 2385 1759 2426 signum.

249 2447 309 2478 Per
331 2456 437 2487 quam,
458 2447 495 2477 ut
515 2447 715 2486 praesentem
736 2444 867 2484 solebas,
891 2444 935 2475 sic
955 2444 1119 2477 absentem
1139 2443 1288 2475 admones
1309 2443 1341 2474 et
1360 2442 1460 2481 doces
1488 2442 1566 2483 quid
1586 2442 1674 2481 mihi,
1689 2442 1761 2484 jam

256 2559 263 2576 ¹
285 2557 341 2586 PP.
360 2564 416 2585 non
434 2557 472 2584 ha
490 2556 515 2585 le
534 2555 622 2591 prime
640 2556 693 2584 due
710 2555 813 2591 parole.
1033 2555 1045 2573 ⁴
1063 2554 1117 2582 Nei
1135 2553 1223 2582 codici
1241 2562 1324 2584 nosce

255 2605 265 2621 ²
285 2603 330 2629 Br.
349 2609 363 2629 e
382 2601 443 2628 PM.
471 2600 711 2630 Vladislamensz's
1030 2600 1042 2618 ⁵
1059 2598 1112 2627 Nei
1131 2598 1219 2627 codici
1237 2598 1361 2628 Romam

252 2649 263 2664 '³
282 2646 328 2674 ΒΓ.
348 2653 362 2673 6
380 2645 434 2673 ΡΡ.
455 2646 568 2674 tantum
