1845 3076
257 156 297 187 72
891 166 917 188 P.
940 166 965 188 Ρ.
987 165 1135 188 vnncsfflo

257 250 424 280 consector.
449 247 584 279 Mandas
603 248 710 289 igitur,
731 251 768 279 ut
789 251 955 280 montanas
969 249 1056 288 vites,
1068 252 1202 289 quantas
1223 260 1357 290 possum,
1370 251 1429 282 tibi
1443 261 1630 292 comparem,
1650 252 1764 292 quibus

255 303 412 337 instruere
427 306 435 322 ¹
458 305 581 336 vineam
616 307 705 336 tuam
726 306 832 346 possis,
861 308 892 337 et
913 306 1046 338 inditam
1070 306 1257 347 jamdudum
1279 307 1458 339 ferrariensi
1478 308 1549 340 vino
1580 311 1688 340 notam
1708 309 1765 341 tol-

254 363 329 400 lere,
352 381 390 384 —
410 372 524 402 easque
552 372 622 394 cum
642 362 801 394 radicibus
828 363 891 394 suis
912 363 1045 395 mittam.
1073 364 1110 394 Id
1130 374 1185 404 ego
1205 364 1265 396 tibi
1286 364 1446 396 efficerem.
1474 365 1616 406 Singulos
1635 366 1761 403 amicos,

253 420 308 460 qui
329 430 418 459 opem
447 419 589 451 conferre
610 420 649 451 ad
670 421 729 451 hoc
748 422 881 460 possent,
909 422 1047 452 conveni.
1075 420 1222 453 Omnium
1244 432 1306 452 una
1331 423 1487 453 sententia
1515 423 1728 454 existimatum
1742 424 1763 460 ²,

252 481 289 509 ut
307 477 495 509 laboriosam
509 477 520 495 ³
543 480 574 509 et
594 477 721 509 inanem
747 488 814 509 rem
834 488 854 509 a
877 480 909 509 te
929 478 1056 515 tentari,
1088 479 1163 518 quia
1178 478 1189 495 ⁴
1209 478 1387 518 hujusmodi
1409 479 1495 517 vites,
1517 480 1549 510 in
1577 480 1665 511 arido
1689 480 1763 517 solo,

251 537 357 574 atque,
380 537 416 565 ut
437 534 542 566 verius
563 534 706 572 dixerim,
727 535 760 565 in
783 545 844 566 uno
865 544 939 566 saxo
952 535 963 552 ⁵
984 537 1016 567 et
1037 535 1162 575 genitae
1182 537 1214 566 et
1235 536 1385 573 nutritae,
1406 536 1438 566 in
1452 536 1604 575 paludosa
1624 536 1741 577 palude
1754 537 1765 554 ⁶

252 592 425 623 coalescere
445 601 508 623 non
528 593 688 631 poterunt,
710 594 775 629 aut,
796 592 822 622 si
837 591 1021 631 coalescant,
1043 592 1127 632 quod
1147 602 1209 623 non
1230 592 1321 623 facile
1336 592 1401 630 fiet,
1422 596 1570 624 naturam
1591 604 1714 625 omnem
1730 596 1766 625 ut

252 651 377 681 mutent
397 659 520 680 necesse
542 651 597 680 est.
619 649 668 680 Ita
688 651 795 680 autem
816 649 970 686 futurum,
991 651 1079 680 certa
1099 649 1237 689 quadam
1253 649 1407 690 majorum
1428 651 1622 690 experientia
1644 651 1766 683 demon-

254 709 345 739 strat.
366 706 421 737 Est
440 706 534 737 Vicus
555 706 677 747 aggeris
691 706 702 723 ⁷
724 706 877 746 (paduani
905 707 974 746 agri
994 716 1067 745 pars
1087 706 1209 743 fertilis
1237 708 1273 737 ut
1288 706 1299 723 ³³
1319 707 1445 746 quaevis
1459 707 1532 746 alia,
1554 710 1630 748 quot
1644 708 1655 725 ⁹
1675 708 1725 739 vel
1740 709 1761 725 ¹⁰

254 765 312 796 hoc
324 764 388 796 solo
404 765 423 781 ¹¹
445 763 680 804 deprehendere
696 763 718 780 ¹²
739 763 838 803 licet),
854 763 908 804 qui
928 764 1093 803 opulentos
1109 764 1129 780 ¹³
1151 765 1182 794 et
1203 763 1315 794 divites
1328 764 1450 795 colonos
1471 765 1574 796 habet.
1596 765 1656 796 Hic
1681 765 1766 796 locus

253 823 372 862 majore
392 831 472 862 pene
493 831 530 852 ex
556 823 648 860 parte
667 821 823 852 montanis
844 821 960 851 vitibus
982 820 1117 852 consitus
1141 823 1197 857 est,
1217 821 1417 852 studentibus
1437 821 1596 861 quondam
1617 824 1666 862 (ut
1680 823 1765 862 reor)

257 879 374 918 ineolis,
397 888 474 919 quos
488 878 509 895 ¹¹
529 878 630 908 simile
646 877 776 908 fortasse
795 877 986 908 desiderium
1008 880 1154 917 caeperat
1171 878 1200 916 ¹⁵,
1224 882 1371 909 naturam
1386 879 1446 910 loci
1460 881 1529 910 arte
1549 878 1767 919 industriaque

254 946 415 977 superare.
446 935 575 972 Verum,
605 935 681 975 quia
702 935 864 966 demissior
878 935 900 952 ¹⁶
929 937 976 966 est
996 935 1092 967 tellus
1113 937 1144 966 et
1166 935 1365 967 naturalibus
1386 936 1538 975 proxima,
1568 946 1667 977 usque
1688 937 1766 968 adeo

254 994 484 1034 degeneravere
505 992 659 1032 palmites,
679 994 716 1022 ut
735 1002 775 1022 ne
796 991 951 1023 mediocre
972 992 1110 1032 quidem,
1129 992 1193 1029 sed,
1214 992 1308 1032 quale
1329 992 1462 1024 solemus
1483 993 1541 1024 sub
1556 993 1681 1025 ardenti
1701 994 1764 1025 sole

252 1050 381 1082 aestatis
397 1050 418 1067 ¹⁷
439 1052 598 1090 appetere,
629 1051 789 1080 austerum
809 1051 999 1089 tenuemque
1020 1049 1127 1080 vinum
1148 1049 1332 1089 producant.
1365 1050 1401 1080 In
1423 1060 1484 1090 quo
1503 1050 1583 1080 nihil
1615 1052 1662 1082 est
1682 1051 1766 1091 quod

254 1109 414 1144 miremur,
445 1117 517 1138 cum
538 1106 698 1137 videamus
718 1116 781 1138 non
802 1106 892 1138 modo
914 1106 1038 1146 plantas
1060 1109 1092 1137 et
1112 1109 1190 1144 sata,
1219 1117 1300 1146 quae
1321 1109 1426 1138 terrae
1453 1107 1633 1145 cohaerent,
1660 1108 1714 1139 sed
1734 1111 1767 1140 et

257 1164 407 1197 animalia
428 1174 552 1204 quoque
565 1166 598 1195 et
610 1163 751 1195 homines
772 1163 831 1195 loci
852 1163 1028 1194 mutatione
1048 1164 1174 1201 variari,
1196 1166 1228 1194 et
1249 1164 1281 1194 in
1295 1164 1391 1196 aliam
1411 1174 1512 1204 paene
1527 1167 1676 1197 naturam
1696 1176 1764 1197 con—

253 1223 343 1254 verti.
365 1221 424 1253 Sed
444 1232 484 1253 ne
505 1224 561 1252 aut
583 1231 602 1252 a
623 1231 673 1252 me
694 1221 754 1253 tibi
774 1223 831 1252 aut
845 1221 886 1252 ab
907 1221 1014 1252 amicis
1035 1221 1121 1259 mihi,
1143 1221 1322 1261 petentibus
1339 1222 1360 1238 ¹¹³
1380 1222 1469 1254 nobis
1489 1232 1588 1262 opem,
1608 1223 1679 1254 dari
1698 1233 1766 1255 con-

251 1279 357 1311 silium
378 1281 504 1310 tantum
521 1279 542 1295 ¹⁹
571 1278 738 1316 existimes,
766 1288 831 1318 ego,
863 1278 946 1318 quod
967 1278 1067 1309 solum
1088 1279 1121 1308 in
1141 1288 1190 1309 me
1212 1281 1268 1316 est,
1299 1289 1427 1319 operam
1447 1290 1549 1311 meam
1570 1282 1602 1311 et
1621 1280 1767 1312 sollicitu-

253 1338 358 1369 dinem
380 1337 535 1376 polliceor.
558 1336 609 1367 Illi
626 1346 709 1373 vero,
729 1338 766 1366 ut
780 1335 953 1375 prudenter
974 1335 1136 1367 consilium
1159 1336 1242 1376 quod
1264 1346 1325 1367 non
1347 1337 1436 1376 petis,
1457 1337 1504 1368 ita
1518 1340 1550 1368 et
1570 1347 1666 1377 quam
1686 1338 1766 1378 petis

252 1394 453 1426 liberalitatis
473 1404 562 1434 opem
577 1392 722 1424 offerunt.
744 1392 834 1431 Quod
855 1395 962 1424 autem
983 1392 1159 1424 eradicatas
1173 1393 1196 1409 ‘³⁰
1216 1393 1294 1424 vites
1315 1393 1500 1434 expostules,
1521 1394 1554 1425 id
1573 1394 1619 1425 ita
1641 1394 1766 1426 difficile

256 1453 322 1490 fiet,
356 1454 392 1483 ut
411 1452 462 1483 vix
483 1452 524 1482 ad
552 1454 699 1491 quartam
714 1451 735 1467 ²¹
756 1452 880 1491 partem
910 1450 1033 1481 numeri
1055 1461 1074 1481 a
1093 1453 1126 1481 te
1147 1450 1308 1481 constituti
1328 1451 1463 1492 pertingi
1488 1452 1591 1491 possit.
1622 1451 1694 1483 Non
1717 1455 1766 1484 est

253 1511 336 1541 enim
356 1510 407 1540 hic
427 1519 501 1547 mos,
524 1508 649 1549 qualem
671 1508 756 1548 apud
776 1517 829 1539 vos
850 1508 1001 1548 intelligo,
1024 1510 1059 1538 ut
1079 1518 1150 1538 cum
1179 1507 1335 1539 radicibus
1355 1508 1480 1540 venales
1501 1509 1704 1541 conferantur
1726 1510 1760 1540 in

252 1568 364 1599 urbem
384 1567 469 1598 vites.
503 1565 562 1597 Sed
584 1565 638 1606 qui
657 1565 709 1596 hic
728 1565 838 1596 volunt
867 1565 972 1596 vineas
992 1565 1148 1604 plantare,
1180 1565 1306 1597 biennio
1328 1566 1423 1605 prius,
1455 1569 1511 1597 aut
1531 1567 1572 1597 ad
1599 1567 1763 1598 minimum

252 1635 345 1662 anno,
366 1635 437 1655 cum
458 1624 573 1656 colonis
593 1623 791 1660 conveniunt,
821 1622 869 1653 uti
889 1622 922 1653 in
942 1622 1040 1653 vineis
1060 1622 1123 1653 suis
1144 1624 1330 1664 propagines
1353 1626 1527 1662 conserant,
1557 1626 1589 1655 et
1609 1625 1764 1665 palmites,

250 1686 287 1713 ut
306 1684 380 1713 sunt
394 1682 417 1698 ‘²2’
436 1681 492 1712 viti
511 1681 606 1712 matri
621 1681 643 1698 ‘²³
663 1680 873 1716 cohaerentes,
905 1682 1011 1710 terrae
1032 1679 1186 1710 infodiant
1203 1680 1236 1717 ²⁴,
1257 1691 1343 1720 quosS
1375 1682 1452 1712 a-:tis
1473 1681 1641 1719 radicibus,
1662 1683 1696 1713 in
1710 1693 1761 1714 no-

255 1738 371 1770 velleta
391 1748 448 1769 sua
462 1741 532 1778 post
552 1748 672 1769 annum
685 1737 859 1768 transferre
879 1736 1005 1776 possint.
1027 1736 1091 1767 Nos
1104 1747 1184 1774 vero,
1207 1737 1353 1777 quoniam
1366 1739 1388 1754 '³³’
1410 1738 1571 1778 improvisi
1582 1739 1605 1756 ²⁶
1627 1739 1669 1771 ad
1683 1739 1765 1770 hanc

250 1807 317 1827 rem
337 1796 488 1833 venimus,
520 1806 582 1827 non
602 1795 662 1826 nisi
682 1797 739 1826 aut
759 1804 833 1825 casu
854 1794 894 1825 ab
916 1794 1023 1825 amicis
1055 1797 1111 1825 aut
1133 1794 1173 1825 ab
1193 1795 1263 1825 aliis
1284 1805 1378 1827 numo
1401 1797 1519 1837 majore
1539 1797 1761 1837 consequimur

250 1853 338 1893 vites,
354 1855 410 1885 aut
426 1862 504 1893 quas
521 1853 678 1893 {Ji-opellae
698 1852 816 1889 dicunt,
831 1860 972 1892 quasque
993 1850 1133 1891 expediri
1147 1851 1205 1883 tibi
1219 1852 1264 1883 vis
1285 1862 1323 1883 ex
1338 1853 1488 1885 Bassiano
1509 1854 1604 1885 etiam
1615 1854 1638 1871 ‘²⁷
1658 1853 1760 1886 audio.

260 1998 266 2015 ¹
290 1997 344 2025 ΡΡ.
364 1997 489 2025 ¹inserere
1028 1995 1048 2013 ¹¹
1068 1995 1123 2023 ΡΡ.
1142 2003 1213 2030 quos
1231 2003 1295 2022 cum

260 2042 271 2058 *Δ
290 2041 342 2069 Nei
361 2040 449 2069 codici
467 2040 697 2068 ircooeistinzatum
1024 2041 1045 2057 ¹1³
1063 2040 1118 2068 ΡΡ.
1138 2041 1268 2074 coeperat

259 2086 269 2104 3
288 2086 334 2113 Br.
346 2084 407 2113 ΤΡ.
427 2085 600 2113 laboriosum
1022 2084 1044 2101 ¹¹³
1062 2084 1108 2111 ΒΓ.
1128 2084 1278 2112 (Ῑεηιὶεείον
1296 2091 1310 2110 e
1330 2084 1518 2119 dissimilior,·
1538 2085 1597 2115 PM.
1617 2086 1742 2116 demissa

258 2129 269 2148 4
288 2130 342 2158 ΡΡ.
363 2129 422 2157 PM.
442 2129 518 2164 Quod
1023 2129 1044 2146 ¹7
1064 2128 1118 2156 ΡΡ.
1138 2128 1241 2156 aetatis

259 2175 269 2193 5
288 2174 330 2202 In
348 2183 406 2202 uno
425 2182 504 2209 saxo,
524 2173 569 2201 nel
582 2172 728 2201 medesimo
741 2180 826 2200 sasso.
840 2172 924 2200 Forse
937 2172 982 2200 do·
1021 2173 1043 2191 ¹⁸
1062 2172 1117 2199 ΡΡ.
1131 2172 1352 2207 petentibusque

282 2219 383 2247 vrebbe
400 2217 522 2254 leggersi
542 2218 572 2245 in
590 2217 668 2244 modo
685 2224 755 2245 saxo
1021 2216 1044 2235 ¹⁹
1063 2217 1116 2244 ΡΡ.
1138 2217 1218 2243 tuum

257 2264 269 2283 5
286 2263 436 2292 Ραῖιιιῑοεα
460 2262 565 2297 palns'³
593 2269 668 2289 come
695 2261 795 2297 stagno
822 2261 984 2297 stagnante,
1021 2260 1046 2280 ⁴²0
1064 2261 1128 2288 Cod.
1157 2260 1242 2288 citato
1270 2260 1305 2288 da
1333 2260 1395 2289 PM.
1421 2260 1480 2289 dice
1507 2262 1687 2298 eradicatas;
1718 2265 1761 2300 gli

282 2307 451 2343 espressione
469 2314 524 2335 non
544 2306 623 2334 felice
1057 2304 1123 2333 altri
1142 2304 1287 2332 radicatas

257 2353 268 2371 ⁷
289 2352 469 2388 Vigodarzere
1021 2350 1041 2368 2¹
1064 2349 1127 2377 Cosi
1145 2348 1204 2377 cod.
1223 2348 1309 2377 citato
1327 2348 1363 2377 da
1382 2349 1443 2379 PM.

258 2398 270 2415 ⁸
288 2397 333 2425 Br.
352 2396 408 2424 ΡΡ.
427 2397 480 2424 aut
1022 2395 1045 2412 Ἠ
1065 2393 1121 2422 ΡΡ.
1138 2393 1177 2421 sit

257 2441 270 2461 ⁹
287 2441 341 2469 Nei
359 2440 447 2468 codici
465 2439 544 2475 quod
1024 2439 1046 2457 ⁴2³
1066 2438 1121 2467 ΡΡ.
1141 2439 1201 2465 mat

244 2486 268 2505 ¹0
293 2485 342 2513 Vel
359 2493 407 2520 per
425 2484 527 2512 saltem
1020 2482 1044 2501 ‘²¹
1063 2482 1118 2510 ΡΡ.
1138 2481 1289 2516 infodiunt

246 2531 266 2548 ¹¹
287 2530 351 2558 Hoc
367 2529 435 2565 solo,
453 2527 483 2556 in
502 2527 601 2563 questa
617 2527 731 2563 regione
1020 2528 1043 2546 ⁸25
1064 2526 1119 2555 ΡΡ.
1137 2526 1252 2562 quando

243 2574 267 2592 ¹2
285 2572 514 2609 Deprehendera
534 2571 705 2600 riconoscere
1018 2570 1041 2590 26
1061 2570 1116 2598 ΡΡ.
1134 2569 1300 2604 ‘improvisis

245 2619 267 2637 ¹³
286 2618 347 2646 PM.
366 2617 444 2652 quod
460 2615 610 2651 opulentos
1023 2615 1045 2633 2⁷
1065 2614 1126 2642 PM.
1146 2613 1201 2641 ΡΡ.
1220 2621 1278 2642 esse
