1845 3076
272 165 329 195 152
900 171 924 193 P.
947 172 972 193 P.
994 171 1141 194 VERGEino

270 255 323 295 qui
337 254 437 294 pridie
458 254 542 285 eius¹
566 254 716 285 beneficio
737 254 777 284 ad
802 264 979 293 supremum
1000 254 1248 294 invidiosumque
1269 254 1395 285 suminis
1409 254 1533 294 regibus
1552 257 1671 286 statum
1684 255 1771 287 brevi

273 314 428 342 momento
443 312 589 351 temporis
603 311 765 348 deductus,
780 311 839 341 toti
850 311 918 341 orbi
935 311 1054 341 terror²
1068 311 1261 348 imminebat,
1282 311 1430 350 proxime,
1445 313 1568 341 mutata
1582 312 1771 351 parumper3

273 368 358 400 illius
379 369 466 405 facie,
488 369 621 399 duarum
643 368 850 398 maximarum
872 368 1007 404 urbium,
1028 378 1105 407 quas
1126 368 1186 398 levi
1205 368 1342 405 incursu,
1363 371 1395 398 et
1415 368 1509 407 prius,
1539 371 1575 398 ut
1595 369 1639 398 sic
1659 368 1771 406 dicam,

275 436 371 465 quam
386 425 480 456 vellet
500 435 572 456 suas
587 435 663 462 esse,
683 428 838 464 caeperat,
859 425 961 456 altera
982 425 1131 464 spoliatus
1146 425 1196 462 sit,
1217 425 1350 456 alteram
1371 424 1551 462 desolatam,
1573 425 1637 456 sine
1654 425 1771 458 civibus

269 482 341 519 suis,
363 485 480 520 teneat,
496 501 533 504 —
548 482 654 513 nunc⁴
677 482 771 512 etiam
787 482 917 513 urbibus
939 482 1033 519 dives,
1055 482 1194 521 copiosus
1208 481 1351 519 militum,
1372 491 1469 521 parva
1482 492 1577 513 manu
1599 482 1774 514 conculcari

272 549 383 579 agrum
415 550 505 571 suum
533 539 774 579 obequitarique
797 540 808 556 5
842 540 887 579 (si
914 549 976 570 non
1007 539 1206 578 dissimulat)
1240 542 1313 569 ante
1351 538 1454 570 oculos
1483 548 1553 569 suos
1583 539 1770 578 permiserit.

270 595 356 627 Haec
378 600 409 627 et
431 596 579 627 damnosa
600 599 631 627 et
651 596 855 636 ignominiosa
874 596 931 627 sub
952 595 1134 627 calliditatis
1159 595 1252 626 titulo
1274 595 1340 635 pati
1360 596 1471 635 potuit.
1503 595 1563 626 Sed
1584 599 1701 633 caveat,
1721 607 1771 634 ne,

269 653 343 684 dum
365 653 496 684 multam
518 654 666 684 astutiam
688 654 832 684 incautus
853 653 987 691 simulat,
1018 653 1156 684 hostibus
1177 653 1295 683 animos
1316 655 1438 692 augeat,
1467 656 1498 684 et
1518 663 1567 684 res
1588 663 1667 692 suaS,
1689 663 1770 693 quae

267 711 299 741 in
321 711 487 750 praecipiti
508 711 585 741 sitae
606 713 686 749 sunt,
709 710 866 750 perditum
888 711 933 741 ire
953 711 1042 741 sinat.
1066 710 1124 741 Res
1145 720 1201 740 sua
1215 710 1225 725 ¹¹
1245 710 1367 750 agitur:
1390 710 1457 750 ipse
1479 710 1643 741 deliberet.

347 768 497 798 Dominus
511 768 520 784 ⁷
547 768 676 799 Carolus
698 768 734 798 de
761 767 986 798 Vicecomitz‘hess
1009 767 1129 805 (nescio
1157 777 1219 806 qua
1246 768 1357 805 causa)
1378 767 1513 798 imbellis
1530 767 1540 784 ⁸
1571 767 1654 798 dorni
1674 767 1771 805 stetit,

272 824 452 864 plurimum,
467 827 503 855 ut
517 824 601 855 fama
615 824 685 861 fert,
702 823 865 855 affectatus
878 824 918 854 ab
933 823 1040 854 incolis
1060 827 1212 863 paternae
1228 823 1301 854 olim
1318 824 1502 863 provinciae,
1523 823 1773 855 existimantibus

271 882 314 912 eis
328 882 348 918 ⁹,
368 892 430 912 non
450 891 540 921 posse
560 881 638 918 fieri,
659 881 734 921 quin
757 881 871 921 egregii
891 881 987 912 animi
1009 883 1040 912 et
1060 881 1247 912 clarissimae
1270 881 1393 911 virtutis
1415 882 1541 921 (quibus
1554 883 1644 921 pater
1658 881 1770 921 viguit)

271 938 304 969 in
325 938 411 978 prole
431 938 585 978 specimen
607 938 782 969 renitescat.

348 995 505 1033 Germani,
527 995 581 1034 qui
601 995 632 1025 in
657 995 789 1032 ltaliam,
811 995 851 1026 ad
872 995 1091 1035 capessendam
1112 995 1243 1026 militiae
1265 995 1470 1034 disciplinam,
1489 995 1586 1026 veluti
1606 995 1639 1025 in
1660 994 1772 1027 doctis—

268 1053 377 1083 simam
398 1052 551 1083 bonarum
574 1053 690 1083 artium
711 1052 848 1083 scholam
869 1053 1007 1089 veniunt,
1026 1052 1056 1082 in
1073 1052 1129 1083 hoc
1149 1052 1287 1083 exercitu
1308 1053 1383 1083 satis
1406 1054 1532 1083 strenue
1546 1061 1578 1083 se
1599 1054 1768 1092 gesserunt.

269 1109 363 1140 Italia
384 1110 465 1140 enim
481 1119 549 1140 suos
570 1109 664 1140 fortes
679 1110 771 1149 parit,
794 1109 910 1140 alienos
931 1109 1025 1146 facit;
1047 1109 1187 1149 nihilque
1202 1109 1254 1140 ille
1270 1109 1301 1139 in
1318 1111 1382 1140 toto
1403 1109 1478 1140 orbe
1500 1109 1629 1140 militiae
1645 1109 1772 1140 debet¹0

269 1167 323 1206 qui
344 1167 376 1197 in
398 1166 491 1197 Italia
511 1177 600 1197 arma
620 1177 682 1197 non
704 1166 822 1197 tulerit.

345 1224 486 1263 Triginta
507 1224 574 1261 viri,
595 1234 727 1263 quorum
747 1234 843 1263 opera
863 1223 1055 1263 praecellens
1075 1225 1189 1261 extitit,
1204 1225 1320 1255 honore
1340 1223 1470 1254 militiae
1485 1224 1543 1255 sub
1564 1233 1664 1264 aequo
1684 1224 1773 1255 meri-

268 1284 373 1313 torum
391 1281 495 1321 judice
518 1281 602 1312 Duce
624 1283 731 1312 nostro
752 1281 890 1311 decorati
910 1284 990 1312 sunt.

346 1339 497 1370 Dominus
510 1339 529 1355 ¹¹
553 1338 688 1370 Jacobus
708 1339 744 1369 de
766 1338 869 1369 Vernae
890 1341 921 1370 et
944 1338 1085 1369 dominus·
1099 1340 1117 1356 ¹¹
1148 1338 1305 1379 Ugsolottecs
1327 1338 1536 1377 Blancardus,
1557 1341 1595 1369 ut
1615 1349 1653 1370 ex
1673 1338 1774 1369 literis

264 1406 374 1428 eorum
397 1396 436 1427 ad
457 1406 511 1427 nos
532 1396 644 1427 delatis
675 1398 805 1432 constat,
826 1406 918 1435 pares
933 1396 954 1413 ¹‘2
984 1396 1123 1436 imperio,
1157 1396 1275 1427 hostilis
1301 1396 1455 1427 exercitus
1476 1396 1570 1427 duces
1590 1397 1672 1427 sunt.
1705 1395 1771 1434 Quo

265 1455 369 1485 minus
389 1455 492 1489 miror,
513 1454 538 1484 si
559 1453 635 1493 quid
656 1453 809 1484 hactenus
830 1453 914 1493 apud
935 1464 985 1485 eos
1006 1453 1161 1493 ignaviter
1180 1456 1285 1484 actum
1308 1456 1361 1484 est.

343 1511 428 1542 Haec
449 1514 555 1542 aut-em
576 1522 638 1542 non
659 1514 695 1542 ut
716 1514 883 1552 comperta,
904 1511 957 1542 sed
979 1511 1091 1551 passim
1112 1511 1188 1542 milii
1209 1510 1327 1547 audita,
1346 1514 1378 1541 et
1398 1510 1520 1552 vulgari
1541 1510 1626 1542 sama
1647 1511 1772 1551 cognita

263 1569 430 1610 perscribo.
454 1568 513 1607 Qui
533 1570 559 1600 si
579 1579 737 1609 sperarem
767 1569 1001 1600 memorabilem
1027 1570 1155 1606 exitum,
1185 1572 1217 1600 et
1237 1580 1298 1601 non
1319 1570 1434 1601 dubiae
1458 1569 1543 1609 pacis
1570 1569 1769 1607 conditiones,

264 1629 321 1658 aut
336 1626 479 1657 ultimam
501 1627 638 1666 partium
653 1626 870 1658 lassitudinem
891 1627 1009 1658 bellum
1029 1630 1234 1667 sequuturam
1246 1628 1276 1664 ¹³,
1299 1627 1392 1658 certis
1405 1627 1482 1658 mihi
1496 1629 1527 1658 et
1540 1626 1681 1667 integrae
1695 1625 1769 1657 fidei

267 1684 306 1715 de
327 1684 375 1715 his
388 1684 407 1701 ¹⁴
429 1684 523 1716 rebus
544 1684 675 1723 sumptis
695 1684 883 1721 auctoribus,
904 1684 1039 1716 scribere
1055 1685 1121 1725 jain
1136 1684 1299 1716 historiam
1319 1685 1497 1725 caepissem.
1520 1683 1612 1715 Nunc
1631 1684 1769 1715 incertus

264 1741 375 1772 exitus.
397 1741 455 1772 Res
475 1744 511 1772 ut
531 1742 675 1773 evenient
689 1743 711 1759 ¹⁵
732 1743 811 1783 stylo
834 1753 1004 1782 prosequar
1019 1743 1047 1773 ¹⁶.
1071 1742 1156 1774 Vale.

275 2029 282 2045 ¹
305 2027 368 2056 Scil.
387 2027 522 2061 tbrtmme
1038 2030 1058 2045 ¹⁰
1078 2028 1130 2057 ΡΡ.
1151 2028 1231 2056 habet

275 2073 286 2090 ²
306 2072 351 2100 ΒΓ,
372 2080 385 2099 e
405 2072 464 2100 PM.
485 2072 548 2100 orbi
568 2075 711 2101 tet-mmmm
1040 2074 1060 2091 ¹¹
1081 2073 1166 2100 Senza
1185 2073 1258 2102 (lom.
1279 2072 1308 2100 in
1328 2072 1374 2101 Gr.

277 2118 288 2134 ³
306 2117 403 2144 Manca
422 2116 451 2144 in
471 2117 587 2152 qualche
607 2117 696 2145 codice
1040 2119 1061 2135 ¹2
1081 2118 1136 2146 ΡΡ.
1149 2119 1238 2152 paret
1818 2143 1819 2147 ,

275 2161 284 2178 ⁴
304 2161 375 2190 Mur.
396 2161 483 2190 Nunc
1002 2169 1005 2175 ¹
1036 2164 1058 2180 ¹3
1078 2162 1123 2190 Gr.
1137 2162 1183 2191 Br.
1199 2162 1266 2191 Reff.
1280 2171 1294 2190 e
1314 2162 1373 2191 PM.
1393 2162 1584 2196 sequuturas3
1604 2159 1657 2189 ΡΡ.
1671 2167 1772 2195 sequu-

276 2207 287 2223 ⁵
306 2205 358 2234 PP,
381 2206 605 2242 obseqnitorique
1071 2208 1167 2234 turum

274 2250 285 2267 ⁶
304 2250 358 2278 ΡΡ.
380 2258 425 2277 res
442 2259 513 2278 suas
1035 2253 1056 2269 ¹⁴
1076 2252 1142 2280 Reff.
1164 2252 1197 2279 (ἴε
1215 2252 1252 2280 iis

272 2294 283 2310 ⁷
302 2293 348 2321 Gr.
367 2302 449 2321 senza
467 2294 540 2322 dom.
1033 2298 1055 2314 ¹⁵
1074 2296 1127 2325 ΡΡ.
1146 2296 1293 2331 eceman&
1312 2296 1357 2325 Br.
1377 2295 1422 2324 Gr.
1444 2295 1503 2323 PM.
1517 2303 1531 2323 e
1543 2295 1614 2323 Mur.
1634 2293 1770 2324 eveniunt
1812 2331 1813 2335 Ἰ

275 2339 286 2356 ⁸
306 2337 359 2366 ΡΡ.
379 2347 392 2365 e
412 2338 483 2366 Mur.
503 2340 534 2366 in
553 2340 632 2368 bellis
1033 2342 1054 2359 ¹⁶
1074 2341 1119 2369 Gr.
1139 2349 1152 2368 e
1171 2341 1242 2369 Mur.
1261 2349 1418 2375 prosequor
1839 2328 1843 2339 ⁷

281 2383 292 2399 ⁹
312 2382 356 2410 ΒΓ.
378 2382 423 2411 Gr.
444 2382 503 2410 PM.
524 2391 606 2411 senza
624 2384 642 2411 Γ
652 2384 694 2413 eis
