1845 3076
747 183 885 207 Eris‘rore
1529 178 1569 208 33

773 351 867 383 XXV.

735 478 764 510 S.
788 479 817 509 d.
839 488 864 509 e.
887 478 906 509 i.

281 573 347 615 (Rs.
360 582 390 607 p.
410 573 491 606 88!ae
512 589 542 593 —
567 555 658 608 αλλ).
678 573 733 606 51‚·
755 590 786 593 -
806 572 877 601 PM.
897 581 919 601 ο.
940 572 1010 600 1381
1022 581 1031 605 ;
1051 589 1083 592 -
1105 573 1168 601 ΡΡ.
1189 582 1216 600 n.
1237 574 1318 608 119.)
1335 577 1339 590 ι

141 699 158 715 «
174 686 368 718 Discrucior⁹
390 689 474 718 metu
490 687 606 724 mortis,
622 696 679 718 nec
692 687 761 718 fieri
775 686 851 717 mihi
866 696 915 718 res
930 687 997 718 ulla
1010 689 1113 727 potest
1130 686 1281 727 jucunda,
1303 687 1379 718 dum
1393 687 1493 727 cogito
1507 698 1569 719 mo—

60 743 206 775 riendum
219 753 291 775 esse.
309 756 324 771 »
339 762 377 766 —
394 744 563 775 Metuendo
577 744 587 761 3
608 746 644 774 tu
660 744 669 760 ⁴
690 743 769 774 nihil
783 743 925 784 perficies
938 744 1106 784 quominus
1122 744 1263 775 moriare.
1279 745 1323 776 At
1337 745 1347 760 ⁵
1368 744 1477 775 sedulo
1491 746 1570 785 cogi-

60 801 157 832 tando
176 801 216 832 de
237 803 336 832 morte
366 801 399 831 id
421 801 532 832 efficies
554 804 590 832 ut
609 803 732 832 metuas
746 801 757 817 ‘⁵
787 801 890 832 minus
904 801 922 831 ⁷.
950 802 1060 841 Aeque
1079 801 1213 832 stultum
1234 804 1281 832 est
1302 804 1333 831 et-
1353 801 1464 833 timere
1486 802 1570 842 quod

60 858 171 889 evitari
185 858 196 875 ⁸
217 861 354 898 nequeat
384 861 416 889 et
436 858 521 898 quod
542 858 653 889 evitari
685 860 782 899 queat
802 859 921 889 malum
942 868 1005 889 non
1026 868 1144 889 curare.
1172 857 1215 889 Ut
1230 860 1240 874 ‘³
1261 858 1418 897 fugiamus
1440 862 1571 891 mortem

60 915 168 955 ipsam,
188 914 277 946 nulla
296 915 417 947 ratione
438 915 657 956 subterfugere
677 925 848 955 possumus.
871 914 952 956 Ergo
972 916 1005 946 id
1022 915 1123 955 ipsum
1144 915 1228 955 quod
1253 916 1374 947 ratione
1396 926 1570 956 possumus

57 972 174 1004 scilicet
188 975 307 1004 metum
321 973 438 1010 mortis,
454 973 635 1004 studeamus
650 973 795 1014 abjicere.
810 974 830 990 ¹0
844 991 882 995 —
898 986 913 1001 «
929 972 1027 1012 Cupio
1041 975 1130 1004 tanto
1144 973 1202 1004 hoe
1217 974 1298 1005 malo
1313 974 1451 1012 liberari,
1466 976 1491 1007 si
1506 986 1572 1016 pos-

58 1030 124 1061 sim.
141 1042 157 1058 »
175 1031 193 1047 ¹¹
215 1049 254 1053 —
275 1030 364 1069 Quod
384 1031 443 1062 tibi
463 1031 565 1071 majus
586 1030 705 1062 malum
726 1030 861 1067 videtur,
881 1040 963 1061 mors
984 1040 1024 1061 ne
1045 1040 1087 1061 an
1111 1031 1220 1062 mortis
1241 1034 1342 1062 metus
1358 1031 1369 1062 3
1383 1051 1421 1054 —
1444 1045 1460 1061 ‹<
1485 1033 1570 1064 Mors

58 1097 194 1127 prorsus,
215 1098 287 1119 nam
304 1088 326 1105 ¹²
345 1088 437 1119 facile
453 1088 600 1128 eligerem
612 1088 633 1105 ¹³
647 1098 770 1127 semper
784 1088 905 1125 timere,
919 1088 944 1118 si
958 1087 1049 1119 modo
1064 1098 1228 1128 nunquam
1243 1099 1382 1120 morerer
1397 1102 1414 1118 »
1435 1109 1473 1112 —
1488 1090 1535 1121 Tu
1549 1090 1571 1107 ¹⁴

59 1154 132 1185 ergo
149 1155 187 1176 ex
208 1144 270 1175 illis
289 1155 331 1182 es,
347 1145 402 1185 qui
416 1148 563 1185 optarent
576 1145 610 1176 in
623 1145 819 1185 sempiternis
835 1145 1027 1176 cruciatibus
1041 1154 1115 1182 esse,
1130 1145 1205 1176 dum
1219 1155 1342 1186 semper
1356 1146 1519 1178 viverent?
1533 1166 1571 1170 ——

59 1214 76 1230 «
98 1201 226 1233 Minime
244 1202 274 1239 ¹⁵,
286 1212 370 1239 nam,
382 1202 439 1233 etsi
453 1212 546 1239 nunc,
560 1202 634 1234 dum
651 1202 728 1233 mihi
743 1202 822 1233 nihil
836 1202 923 1242 aegri
939 1202 960 1219 ¹¹³
974 1203 1074 1233 sentio
1091 1203 1124 1233 in
1137 1212 1275 1242 corpore,
1291 1204 1396 1235 omnia
1411 1214 1508 1244 prope
1530 1205 1572 1235 vi—

57 1258 210 1290 derentur
225 1259 364 1296 ferenda,
379 1259 455 1290 dum
470 1269 531 1290 non
545 1269 692 1297 morerer,
707 1259 835 1290 memini
849 1261 958 1290 tamen
974 1260 1004 1297 ¹⁷,
1027 1262 1084 1291 aut
1099 1262 1225 1291 acutam
1240 1260 1360 1291 febrem
1374 1263 1430 1291 aut
1443 1271 1571 1301 gravem

57 1316 196 1356 aliquem
217 1316 356 1348 dolorem
377 1326 494 1357 passus,
516 1317 660 1354 noluisse,
674 1317 700 1347 si
720 1317 852 1348 daretur
872 1317 966 1357 optio,
982 1327 1105 1357 semper
1118 1317 1151 1347 in
1166 1327 1204 1348 ea
1218 1317 1396 1349 conditione
1411 1328 1483 1349 esse.
1499 1331 1516 1347 »
1531 1337 1570 1341 —

57 1373 105 1404 Tu
121 1373 142 1391 ¹⁸
162 1383 202 1404 ne
222 1373 323 1414 pluris
343 1375 480 1414 corporis
500 1384 597 1414 quam
617 1374 714 1406 animi
727 1374 904 1405 cruciatum
925 1374 1079 1412 aestimas
1102 1375 1157 1414 qui
1173 1375 1195 1391 ¹⁰
1217 1384 1290 1406 cum
1310 1374 1416 1406 dolore
1434 1377 1571 1416 corporis

55 1431 159 1462 vivere
180 1433 333 1471 perpetuo
363 1431 451 1469 110113,
482 1441 553 1465 oum
575 1434 662 1462 metu
683 1434 790 1463 autem
811 1432 929 1469 mortis,
960 1432 1149 1472 sempiterno
1171 1434 1237 1463 tam
1265 1442 1378 1473 magno
1399 1433 1492 1470 malo,
1513 1434 1572 1464 hoo

56 1488 158 1529 ipsum
172 1498 234 1520 non
249 1487 412 1528 refugias?
431 1507 470 1511 —
485 1501 502 1517 ‹<
515 1489 582 1520 Hoc
597 1498 663 1529 ego,
678 1489 702 1519 si
716 1488 791 1526 dixi,
805 1499 867 1520 non
883 1489 1006 1526 sentim
1023 1489 1087 1526 sed,
1104 1489 1370 1529 quemadmodum
1391 1489 1468 1521 mihi
1487 1500 1573 1522 nunc

57 1545 195 1577 liberum
217 1547 264 1577 est
285 1546 390 1577 timere
409 1546 554 1585 quoniam
574 1548 604 1577 et
622 1547 756 1586 coffl'tare
779 1546 905 1577 liberum
927 1549 973 1577 est
991 1546 1014 1563 ²⁰
1047 1545 1136 1586 (dum
1167 1546 1250 1577 enim
1279 1557 1341 1577 non
1369 1547 1470 1587 cogito
1490 1547 1572 1578 nihil

55 1603 165 1644 timeo)
186 1603 245 1635 hoc
265 1605 358 1642 pacto
378 1603 589 1634 conditionem
609 1603 850 1634 admitterem.»
872 1622 910 1626 —
930 1603 990 1635 Sed
1007 1604 1027 1621 ‘¹¹
1049 1604 1146 1635 heus!
1169 1606 1215 1641 tu,
1236 1604 1290 1644 qui
1313 1607 1447 1635 mortem
1468 1605 1571 1645 majus

59 1661 206 1692 aestimas
227 1661 250 1678 ‘²⁴²
271 1660 390 1692 malum
413 1671 508 1701 quam
528 1660 637 1692 mortis
650 1664 779 1698 metum,
795 1671 908 1701 parum
923 1661 944 1678 ⁹³
964 1661 1042 1691 mihi
1057 1660 1171 1693 videris
1187 1661 1305 1692 habere
1326 1661 1400 1692 fidei
1416 1661 1568 1698 Ciceroni,

57 1717 112 1758 qui
131 1718 165 1748 in
185 1717 370 1749 Tusculanis
390 1721 523 1748 mortem
539 1718 649 1749 asserit
665 1728 729 1749 11011
749 1718 840 1749 modo
855 1728 916 1748 non
933 1728 996 1749 esse
1011 1718 1131 1749 malum
1151 1718 1205 1749 sed
1227 1719 1322 1750 etiam
1336 1719 1464 1750 bonum.
1484 1720 1533 1749 An
1549 1719 1571 1735 ²⁴

57 1775 231 1815 quidquam
245 1775 268 1792 ³⁵
287 1777 333 1806 est
354 1775 473 1806 malum
492 1778 619 1814 praeter
638 1775 849 1815 ignorantiam
870 1778 902 1806 et
924 1775 1113 1806 erroremZ»
1131 1775 1153 1791 ²²³
1164 1799 1569 1807 .........

55 1856 1518 1864 ------------------------------

68 1947 73 1962 ¹
95 1944 141 1972 ΒΓ.
160 1944 195 1973 88
213 1946 233 1973 t.
253 1953 266 1972 e
286 1944 471 1973 PRnotauo:
492 1944 703 1979 Fraymentnm
716 1953 791 1972 men-
831 1944 851 1963 ¹⁴
872 1944 926 1972 ΡΡ.
949 1953 1082 1972 morerer.
1107 1944 1151 1972 Τιι

91 1988 135 2016 dis
156 1988 283 2022 infim'tz's
310 1989 436 2022 scatens3
456 1987 516 2015 PM.
538 1987 572 2015 P.
597 1987 629 2014 I'.
661 1986 788 2023 Verqerii
827 1989 848 2006 ¹⁵
868 1988 914 2016 Gr.
934 1997 947 2016 e
968 1989 1028 2016 PM.
1048 1989 1166 2016 viveres.
1186 1989 1241 2016 ΡΡ.
1260 1989 1412 2017 virerent?
1431 1988 1555 2016 ,Minime

90 2034 296 2067 testamentum,
307 2033 392 2068 cujus
404 2032 532 2060 maxima
538 2040 612 2066 pars
630 2031 738 2060 deestll
758 2049 790 2052 —
829 2033 850 2051 ¹⁶
870 2033 916 2060 Gr.
936 2033 990 2061 ΡΡ.
1011 2041 1095 2069 aeqre

89 2077 143 2105 Nel
162 2076 232 2105 fatto
250 2078 265 2104 e
283 2082 340 2104 una·
357 2076 461 2104 lettera.
831 2076 852 2095 ¹⁷
872 2077 936 2112 Gr.;
958 2078 1067 2106 nemini
1087 2079 1182 2106 tamen

65 2122 77 2140 ’Ξ
96 2122 151 2150 ΡΡ.
169 2121 308 2149 discutior
831 2121 853 2139 ¹⁸
872 2121 919 2150 ΒΥ.
939 2122 994 2151 ΡΡ.
1009 2130 1067 2150 esse
1168 2122 1213 2150 Tu

66 2168 77 2184 ³
95 2166 141 2194 ΒΥ.
161 2166 216 2194 ΡΡ.
235 2186 258 2194 ..
270 2187 276 2193 .
288 2187 294 2193 .
314 2164 430 2193 emendo
830 2165 852 2182 ¹⁹
871 2165 925 2192 ΡΡ.
945 2166 1105 2194 exstimas?
1124 2165 1176 2201 qui

68 2212 78 2228 ⁴
97 2210 151 2238 ΡΡ.
172 2212 203 2237 tn
216 2209 329 2245 quidem
831 2209 853 2226 ²⁰
871 2208 933 2237 Cos-i
953 2210 1000 2238 Gr.
1020 2218 1124 2238 omesse
1142 2211 1238 2246 queste
1247 2209 1341 2245 parole
1358 2209 1393 2237 da
1406 2209 1463 2238 ΡΡ.
1476 2225 1508 2228 -
1522 2208 1573 2237 Gr.

67 2257 78 2273 ⁵
97 2254 160 2289 ΡΡ.,
179 2262 213 2282 ac
868 2254 986 2287 ἥψω-8,·
1005 2255 1141 2290 quoniam

66 2301 78 2318 ὃ
97 2298 143 2327 Gr.
156 2300 248 2326 metus
833 2299 852 2317 '²¹
875 2298 920 2326 Br.
940 2300 995 2327 ΡΡ.
1016 2300 1195 2328 admitterem
1294 2298 1352 2327 Sed

67 2345 79 2361 ⁷
98 2343 143 2371 ΒΓ.
166 2343 220 2371 ΡΡ.
241 2342 338 2370 minus
358 2364 364 2370 .
376 2364 381 2369 .
393 2364 399 2370 .
412 2363 418 2370 .
437 2342 538 2378 Aeque
831 2345 855 2363 '22
874 2345 930 2372 ΡΡ.
951 2344 1100 2372 existimas

67 2388 77 2405 ⁸
97 2387 150 2415 ΡΡ.
169 2387 288 2415 excitari
831 2390 854 2408 5³
873 2389 919 2418 Gr.
939 2391 1044 2417 metum
1064 2410 1070 2416 .
1084 2411 1090 2417 .
1103 2410 1108 2415 .
1120 2410 1127 2417 .
1146 2388 1258 2416 Parum

67 2433 78 2450 ⁹
99 2431 155 2459 ΡΡ.
173 2439 187 2459 e
209 2431 264 2466 Gr.,
282 2433 317 2460 1ιὲ
832 2434 854 2452 ‘³⁴
874 2433 920 2461 Br.
939 2433 994 2461 ΡΡ.
1011 2433 1119 2461 bomem
1138 2454 1162 2461 ..
1175 2454 1180 2459 .
1192 2453 1199 2460 .
1217 2432 1268 2460 An

56 2476 78 2493 ‘⁰
96 2475 142 2504 Br.
162 2475 217 2503 ΡΡ.
236 2476 358 2511 abjicere
429 2498 435 2503 .
458 2475 550 2511 Cupio
636 2493 639 2496 <
828 2478 850 2496 2⁷·
870 2478 926 2506 ΡΡ.
945 2486 1057 2513 quoque

54 2521 76 2538 ¹¹
95 2520 141 2549 ΒΓ.
161 2520 215 2549 ΡΡ.
228 2522 340 2555 possim
415 2543 421 2549 .
445 2521 527 2557 Quod
829 2523 852 2541 ²¹5
870 2523 917 2551 ΒΓ.
937 2523 993 2550 PP.
1012 2530 1138 2550 errorem
1149 2542 1226 2550 .....
1256 2521 1292 2550 In
1310 2521 1410 2550 bianco
1433 2529 1490 2549 una
1509 2520 1572 2557 riga

56 2565 79 2583 ¹2
97 2564 143 2593 ΒΓ.
163 2565 218 2593 I'P.
236 2565 351 2593 metus?
423 2587 430 2593 .
448 2565 533 2594 Mors
544 2574 678 2601 prorsus.
698 2566 778 2596 Nam
867 2575 881 2595 e
900 2574 1005 2601 mezza3
1026 2566 1087 2594 PM.
1105 2573 1192 2593 mezza
1210 2565 1289 2602 riga3
1308 2565 1336 2593 di
1355 2565 1465 2602 seguito
1483 2564 1529 2593 Gr.

53 2609 76 2627 ¹³
94 2609 155 2637 PM.
174 2608 245 2645 eliyo
265 2617 324 2638 rem

1463 2682 1479 2708 5
