1845 3076
240 166 297 196 112
868 172 894 195 P.
916 172 941 194 P.
962 171 1112 194 VERGERIO

238 261 346 288 tamen
364 256 449 287 lente
470 255 647 296 procedere,
668 255 701 286 id
714 255 772 287 sibi
786 255 860 286 velit
876 256 883 272 ¹
905 255 984 286 haec
1004 255 1103 286 oratio
1119 257 1155 285 ut
1169 257 1244 286 tunc
1265 255 1391 287 demum
1407 256 1519 287 acerbe
1540 256 1601 287 dici
1616 257 1746 289 deberet

237 316 354 350 actum,
368 314 395 343 si
408 323 513 344 omnes
527 323 589 344 uno
608 313 728 353 impetu
746 316 843 353 atque
860 322 922 343 uno
935 314 1092 343 momento
1103 313 1114 329 ²
1134 313 1360 352 peremissent?
1382 312 1462 351 Quid
1473 314 1484 331 ³
1506 315 1589 345 enim
1603 314 1635 344 in
1651 324 1747 354 parvo

237 370 350 410 oppido
364 373 460 410 atque
481 370 593 410 exiguo
607 370 722 410 populo
737 370 857 401 saevire
877 369 1011 409 amplius
1032 372 1157 409 poterat
1178 370 1315 407 fortuna,
1337 371 1362 400 si
1380 381 1443 402 non
1458 381 1521 402 una
1535 371 1628 402 ruina
1643 372 1748 403 omnia

236 428 420 459 subvertere
446 427 629 459 maluisset?
656 427 734 458 Mihi
749 427 759 444 ⁴¹
787 427 913 467 quidem
941 427 1146 458 certissimum
1174 427 1335 458 consilium
1355 430 1410 464 est,
1431 446 1470 450 -—
1491 438 1552 459 non
1574 429 1599 459 si
1620 432 1747 460 centum

236 488 294 516 aut
321 485 561 525 quinquaginta,
588 484 642 516 sed
670 487 701 515 et
729 485 778 515 315
806 484 867 515 duo
888 486 945 515 aut
973 484 1014 515 ad
1040 484 1137 515 imum
1165 485 1271 515 11111136
1297 484 1354 515 1100
1377 485 1485 516 morbo
1511 485 1637 516 decidat
1650 486 1670 523 ⁷,
1697 486 1748 516 cui

237 542 360 573 nullum
380 542 554 573 remedium
575 545 630 580 est,
651 542 726 573 dum
747 541 825 573 alibi
844 551 939 573 sanus
960 541 1070 578 vivam,
1092 560 1130 563 —
1144 541 1306 572 consilium
1327 541 1454 581 quidem
1476 545 1523 573 est
1544 542 1749 574 certissimum

236 599 309 630 hinc
329 599 417 630 abire
433 599 508 639 (nisi
528 599 612 630 inter
632 600 748 639 primos
769 599 907 630 fortassis
929 599 1088 637 emoriar),
1110 609 1203 638 quem
1223 598 1312 629 nulla
1330 608 1410 638 spes,
1431 599 1555 630 nullum
1576 600 1748 639 comodum,

238 656 344 687 nullus
363 657 462 688 honor
481 657 618 688 retinere
638 657 751 688 valeat.

317 714 479 754 Loquutus
493 715 504 731 ⁸
526 725 595 745 sum
616 725 686 745 cum
709 714 833 746 domino
855 713 979 745 Hebreu
992 713 1012 745 ⁹.
1041 712 1123 751 Quid
1140 713 1160 730 ¹⁰
1181 714 1264 744 inter
1285 723 1339 744 nos
1361 714 1539 745 convenerit
1555 715 1585 752 ¹¹,
1613 715 1749 755 superio-

237 772 323 803 ribus
343 771 444 803 literis
464 772 571 803 habes.

318 828 407 867 Quod
421 829 628 867 Bermmlecm,
644 828 744 860 filium
758 831 848 859 tuum
863 829 1065 860 lectissimum
1077 830 1107 867 ¹2,
1122 840 1141 861 a
1155 833 1187 861 te
1201 830 1363 867 dimiseris,
1379 829 1484 869 probo.
1504 828 1592 867 Quod
1605 840 1677 861 vero
1692 829 1750 861 Ve-

237 886 330 917 netiis
345 896 415 917 eum
436 886 562 923 habeas,
579 886 662 917 unde
678 886 759 917 cives
780 886 828 916 sui
849 888 944 926 atque
965 886 1096 924 incolae,
1110 887 1151 917 ad
1173 887 1352 918 evitanda-m
1374 889 1504 926 pestem,
1530 886 1695 927 effugiunt,
1716 887 1750 918 id

236 953 422 983 magnopere
443 943 595 983 improbo,
616 943 706 982 quasi
726 946 763 973 tu
784 953 846 974 non
867 943 968 974 solum
990 945 1027 974 ut
1047 944 1199 974 moriatur
1218 944 1302 974 filius
1324 946 1396 974 tuus
1418 944 1473 975 sed
1494 946 1529 974 ut
1549 954 1568 974 a
1588 946 1618 975 te
1640 945 1748 984 procul

239 1000 394 1031 moriatur
415 1001 560 1040 exquiras
575 1000 606 1030 ¹³.
628 999 694 1031 Nec
714 1010 787 1031 vero
807 1003 839 1031 te
860 1003 983 1031 moveat
1004 1001 1157 1031 Nt'eolaus
1177 1003 1291 1038 noster,
1322 1001 1377 1041 qui
1397 1001 1472 1031 inihi
1493 1001 1576 1032 idem
1598 1004 1629 1032 et
1650 1001 1749 1042 aegri-

237 1057 355 1088 tudinis
377 1060 409 1088 et
430 1057 541 1088 salutis
561 1057 645 1088 illius
666 1058 795 1088 nuntius
816 1057 885 1094 fuit,
914 1057 1033 1097 quique
1053 1061 1303 1098 argumentatur,
1331 1068 1392 1089 non
1414 1068 1501 1098 posse
1522 1069 1594 1089 eum
1614 1059 1749 1099 amplius

235 1114 404 1154 1101101111Μ
425 1115 502 1154 pati,
523 1115 577 1154 qni
591 1114 765 1154 periculum
783 1115 850 1155 jam
872 1118 1068 1154 trangressus
1090 1115 1131 1146 sit
1146 1115 1175 1146 ¹5.
1198 1115 1244 1146 Ex
1257 1114 1420 1146 affectione
1443 1116 1525 1146 enim
1546 1116 1656 1155 opinor
1677 1126 1749 1147 eum

235 1172 294 1202 hoc
314 1171 427 1209 dicere,
450 1172 503 1211 qui
524 1181 657 1211 puerum
676 1172 775 1203 nollet
796 1182 814 1203 a
834 1182 866 1203 se
888 1172 1056 1209 dimittere,
1078 1174 1228 1211 metuens,
1257 1183 1295 1203 ne
1317 1172 1397 1204 forte
1419 1173 1489 1213 pari
1516 1173 1713 1213 indulgentia
1728 1174 1749 1191 ¹⁶

236 1232 332 1270 atque
353 1230 622 1262 animadversione
637 1231 658 1247 ¹⁷
679 1230 764 1269 apud
779 1229 855 1260 alios
875 1232 1050 1260 curaretur.
1073 1230 1112 1260 Et
1132 1230 1180 1260 ita
1193 1230 1322 1270 quidam
1344 1240 1409 1261 esse
1431 1230 1578 1261 arbitror.
1599 1231 1681 1262 Nam
1702 1233 1749 1262 est

234 1287 300 1327 ipse
320 1287 539 1319 solertissimus
561 1293 593 1318 et
613 1287 919 1327 obsequentissimus,
947 1288 979 1318 et
999 1287 1152 1326 imprimis
1168 1287 1189 1304 ¹³
1216 1287 1379 1327 conjugem
1400 1287 1506 1319 habet.
1536 1288 1584 1319 Ne
1604 1291 1712 1320 tamen
1727 1289 1749 1305 ¹⁹

237 1345 265 1375 ei
280 1344 460 1382 discrimini,
483 1345 567 1385 quod
580 1345 724 1376 omnibus
744 1344 828 1375 horis
841 1344 993 1382 imminet,
1015 1354 1093 1384 puer
1108 1344 1278 1385 subjaceat,
1299 1345 1522 1376 instantissime
1537 1348 1569 1376 te
1584 1356 1637 1377 oro
1652 1348 1749 1386 atque

236 1402 384 1439 obtestor,
405 1404 441 1433 ut
461 1402 636 1433 transmitti
657 1412 729 1433 eum
750 1401 790 1432 ad
811 1411 861 1432 me
884 1401 1006 1441 jubeas.
1035 1401 1095 1432 Hic
1114 1411 1207 1433 sanus
1229 1405 1276 1433 est
1294 1413 1358 1439 aer,
1385 1412 1464 1434 sana
1483 1403 1576 1443 regio,
1605 1403 1749 1434 decentia

235 1459 348 1491 onmia.
370 1459 549 1498 Curabitur,
571 1462 603 1491 et
623 1460 656 1490 in
677 1460 768 1491 domo
790 1459 840 1490 cui
861 1458 950 1490 nulla
970 1459 1011 1490 sit
1032 1459 1154 1497 mulier,
1175 1469 1297 1491 summa
1317 1460 1490 1501 diligentia.
1512 1460 1599 1492 Vale.

249 1957 257 1974 ¹
281 1956 327 1984 Gr.
347 1955 386 1983 Id
402 1955 455 1983 sibi
474 1955 537 1983 vult
1015 1957 1037 1974 ¹2
1057 1957 1118 1984 PM.
1139 1955 1327 1984 laetiSsimzcm

249 2001 260 2019 ‘²
281 2001 327 2028 Gr.
341 2000 480 2036 aggiunge
494 2000 522 2027 la
535 1999 659 2028 variante
672 2001 802 2035 aspeciu,
819 1999 887 2028 Reff.
900 2008 978 2035 aspe-
1016 2003 1036 2020 43
1056 2002 1123 2030 Reff.
1142 2001 1225 2036 queri
1245 2002 1292 2035 tm
1315 2001 1361 2029 Gr,
1380 2001 1521 2037 aggiunge
1534 2009 1609 2029 come
1627 2001 1758 2030 variante

273 2047 320 2073 cm
337 2047 421 2080 afflue
440 2046 581 2072 momento
601 2053 659 2072 ww
1051 2048 1092 2082 te,
1120 2046 1188 2074 Reff.
1217 2046 1352 2081 exquiris.
1382 2046 1434 2073 Nei
1460 2046 1546 2074 codici
1569 2055 1629 2074 non
1657 2047 1752 2074 solum

250 2092 260 2109 3
280 2090 333 2118 Νο1
352 2089 439 2118 codici
452 2089 642 2124 peremissent
658 2088 730 2123 qnid
1047 2091 1144 2124 filium
1166 2092 1255 2118 munz.
1284 2090 1330 2119 Gr.
1359 2090 1501 2126 agginnge
1526 2099 1599 2119 come
1626 2092 1752 2120 variante

251 2135 261 2153 ⁵
281 2134 334 2162 Nei
353 2134 439 2162 codici
458 2133 605 2161 maluisset
623 2133 697 2160 milei
1049 2135 1179 2170 coeqm'ris

251 2180 261 2198 5
281 2179 349 2207 Reff.
369 2179 414 2206 Gr.
434 2178 484 2206 scd
501 2178 527 2206 si
1015 2180 1036 2198 ¹4
1055 2179 1122 2207 Reff.
1137 2179 1304 2215 periculmn

250 2225 261 2244 G
279 2224 330 2252 Ad
355 2232 455 2258 unum,
483 2222 570 2251 niuno
598 2222 769 2258 eccettuat03
796 2223 852 2252 PP.
872 2223 919 2251 Gr.
943 2223 982 2252 αιῖ
1017 2226 1037 2243 ¹5
1058 2224 1126 2252 Reff.
1145 2226 1201 2260 est3
1221 2224 1267 2252 Gr.
1286 2226 1328 2252 est
1345 2233 1359 2252 e
1376 2225 1413 2253 sit

275 2270 364 2297 imum
1015 2269 1037 2288 ¹6
1055 2269 1247 2304 Indulyentia
1265 2268 1349 2297 dicesi
1368 2269 1571 2305 propriamente
1590 2270 1653 2298 dell*
1661 2278 1753 2299 amore

251 2314 260 2332 7
280 2314 326 2342 ΒΓ.
346 2314 392 2341 Gr.
411 2313 472 2341 PM.
492 2312 624 2341 decidant
1048 2321 1126 2342 verso
1146 2313 1156 2340 i
1174 2313 1294 2348 figliuoli
1313 2322 1327 2341 e
1346 2314 1355 2340 i
1375 2314 1483 2348 parenti
1501 2314 1531 2342 in
1549 2315 1676 2350 generale

250 2359 261 2377 ⁸
282 2358 335 2386 PPv
356 2357 483 2386 Locatus
1015 2358 1037 2377 ¹7
1055 2357 1288 2392 Animadversio,
1307 2357 1464 2386 attenzione

250 2403 262 2422 ⁹
279 2403 347 2431 Reff.
366 2412 432 2431 cnm
451 2402 581 2439 Hebrezm
601 2402 647 2430 Gr.
668 2401 782 2430 Hebreo
1014 2403 1038 2421 ¹⁸
1057 2401 1103 2430 Gr.
1124 2403 1150 2429 et
1169 2402 1451 2436 obsequentissimam
1469 2402 1614 2438 imprimis

239 2449 263 2466 ’ὓ
283 2448 328 2475 Gr.
353 2447 435 2483 Quod
1016 2446 1040 2466 ¹9
1058 2446 1126 2475 Reff.
1139 2454 1174 2474 ue
1187 2447 1299 2482 tamem
1318 2445 1394 2482 negli
1407 2445 1473 2475 altri
1487 2447 1574 2475 codici
1587 2456 1638 2476 nec
1658 2448 1755 2476 tamen

240 2493 260 2510 ¹¹
286 2491 425 2520 Convenit
442 2492 518 2520 inter
535 2498 597 2526 nos,
615 2490 719 2519 summo
738 2490 890 2519 d'accordo
