<?xml version="1.0" encoding="UTF-8"?>
<!DOCTYPE html PUBLIC "-//W3C//DTD XHTML 1.0 Transitional//EN"
    "http://www.w3.org/TR/xhtml1/DTD/xhtml1-transitional.dtd">
<html xmlns="http://www.w3.org/1999/xhtml" xml:lang="en" lang="en">
 <head>
  <title>
</title>
<meta http-equiv="Content-Type" content="text/html;charset=utf-8" />
  <meta name='ocr-system' content='tesseract 3.04.00' />
  <meta name='ocr-capabilities' content='ocr_page ocr_carea ocr_par ocr_line ocrx_word'/>
</head>
<body>
  <div class='ocr_page' id='page_1' title='image "./epistole00verguoft_0104.png"; bbox 0 0 1845 3076; ppageno 0'>
   <div class='ocr_carea' id='block_1_1' title="bbox 247 151 1124 186">
    <p class='ocr_par' dir='ltr' id='par_1_1' title="bbox 247 151 1124 186">
     <span class='ocr_line' id='line_1_1' title="bbox 247 151 1124 186; baseline 0.006 -5"><span class='ocrx_word' id='word_1_1' title='bbox 247 151 290 182; x_wconf 77' lang='lat'>36</span> <span class='ocrx_word' id='word_1_2' title='bbox 880 163 906 185; x_wconf 83' lang='lat' dir='ltr'>P.</span> <span class='ocrx_word' id='word_1_3' title='bbox 928 163 954 186; x_wconf 84' lang='lat' dir='ltr'>P.</span> <span class='ocrx_word' id='word_1_4' title='bbox 977 163 1124 186; x_wconf 75' lang='lat' dir='ltr'>VERGERIO</span> 
     </span>
    </p>
   </div>
   <div class='ocr_carea' id='block_1_2' title="bbox 235 243 1759 2117">
    <p class='ocr_par' dir='ltr' id='par_1_2' title="bbox 242 243 1759 1081">
     <span class='ocr_line' id='line_1_2' title="bbox 249 243 1755 291; baseline 0.006 -18"><span class='ocrx_word' id='word_1_5' title='bbox 249 244 315 283; x_wconf 89' lang='lat' dir='ltr'>ipse</span> <span class='ocrx_word' id='word_1_6' title='bbox 329 243 469 283; x_wconf 77' lang='lat' dir='ltr'>quotidie</span> <span class='ocrx_word' id='word_1_7' title='bbox 480 244 563 275; x_wconf 88' lang='lat' dir='ltr'>domi</span> <span class='ocrx_word' id='word_1_8' title='bbox 578 244 696 282; x_wconf 58' lang='lat' dir='ltr'>sedena</span> <span class='ocrx_word' id='word_1_9' title='bbox 712 255 810 285; x_wconf 90' lang='lat' dir='ltr'>quum</span> <span class='ocrx_word' id='word_1_10' title='bbox 825 247 1045 287; x_wconf 86' lang='lat' dir='ltr'>progrediendi</span> <span class='ocrx_word' id='word_1_11' title='bbox 1060 250 1185 287; x_wconf 85' lang='lat' dir='ltr'>tempus</span> <span class='ocrx_word' id='word_1_12' title='bbox 1199 248 1337 279; x_wconf 86' lang='lat' dir='ltr'>nondum</span> <span class='ocrx_word' id='word_1_13' title='bbox 1353 249 1540 287; x_wconf 83' lang='lat' dir='ltr'>advenisset,</span> <span class='ocrx_word' id='word_1_14' title='bbox 1555 250 1588 280; x_wconf 89' lang='lat' dir='ltr'>in</span> <span class='ocrx_word' id='word_1_15' title='bbox 1603 252 1755 291; x_wconf 82' lang='lat' dir='ltr'>separatis</span> 
     </span>
     <span class='ocr_line' id='line_1_3' title="bbox 249 300 1753 349; baseline 0.006 -18"><span class='ocrx_word' id='word_1_16' title='bbox 249 311 285 331; x_wconf 90' lang='lat' dir='ltr'>ac</span> <span class='ocrx_word' id='word_1_17' title='bbox 305 301 453 332; x_wconf 82' lang='lat' dir='ltr'>brevibus</span> <span class='ocrx_word' id='word_1_18' title='bbox 479 300 598 332; x_wconf 88' lang='lat' dir='ltr'>cedulis</span> <span class='ocrx_word' id='word_1_19' title='bbox 617 301 758 333; x_wconf 81' lang='lat' dir='ltr'>remedia</span> <span class='ocrx_word' id='word_1_20' title='bbox 788 303 956 340; x_wconf 83' lang='lat' dir='ltr'>scribebat,</span> <span class='ocrx_word' id='word_1_21' title='bbox 978 314 1060 343; x_wconf 89' lang='lat' dir='ltr'>quae</span> <span class='ocrx_word' id='word_1_22' title='bbox 1081 304 1253 336; x_wconf 76' lang='lat' dir='ltr'>medicinae</span> <span class='ocrx_word' id='word_1_23' title='bbox 1273 309 1420 337; x_wconf 76' lang='lat' dir='ltr'>auctores</span> <span class='ocrx_word' id='word_1_24' title='bbox 1441 307 1475 337; x_wconf 91' lang='lat' dir='ltr'>in</span> <span class='ocrx_word' id='word_1_25' title='bbox 1495 307 1602 348; x_wconf 84' lang='lat' dir='ltr'>longos</span> <span class='ocrx_word' id='word_1_26' title='bbox 1623 308 1753 349; x_wconf 84' lang='lat' dir='ltr'>digesta,</span> 
     </span>
     <span class='ocr_line' id='line_1_4' title="bbox 247 358 1759 403; baseline 0.005 -15"><span class='ocrx_word' id='word_1_27' title='bbox 247 367 305 397; x_wconf 88' lang='lat' dir='ltr'>pro</span> <span class='ocrx_word' id='word_1_28' title='bbox 324 358 529 389; x_wconf 89' lang='lat' dir='ltr'>multitudine</span> <span class='ocrx_word' id='word_1_29' title='bbox 543 368 579 389; x_wconf 86' lang='lat' dir='ltr'>ac</span> <span class='ocrx_word' id='word_1_30' title='bbox 593 359 746 390; x_wconf 87' lang='lat' dir='ltr'>varietate</span> <span class='ocrx_word' id='word_1_31' title='bbox 770 360 959 397; x_wconf 83' lang='lat' dir='ltr'>morborum,</span> <span class='ocrx_word' id='word_1_32' title='bbox 975 361 1096 401; x_wconf 82' lang='lat' dir='ltr'>magnis</span> <span class='ocrx_word' id='word_1_33' title='bbox 1116 361 1327 393; x_wconf 84' lang='lat' dir='ltr'>voluminibus</span> <span class='ocrx_word' id='word_1_34' title='bbox 1349 363 1665 403; x_wconf 87' lang='lat' dir='ltr'>comprehenderunt,</span> <span class='ocrx_word' id='word_1_35' title='bbox 1686 366 1759 396; x_wconf 87' lang='lat' dir='ltr'>scri-</span> 
     </span>
     <span class='ocr_line' id='line_1_5' title="bbox 248 415 1758 457; baseline 0.006 -12"><span class='ocrx_word' id='word_1_36' title='bbox 248 417 376 454; x_wconf 88' lang='lat' dir='ltr'>ptaque,</span> <span class='ocrx_word' id='word_1_37' title='bbox 390 415 436 446; x_wconf 87' lang='lat' dir='ltr'>uti</span> <span class='ocrx_word' id='word_1_38' title='bbox 452 425 540 447; x_wconf 79' lang='lat' dir='ltr'>casus</span> <span class='ocrx_word' id='word_1_39' title='bbox 556 416 564 432; x_wconf 92' lang='lat'>¹</span> <span class='ocrx_word' id='word_1_40' title='bbox 581 416 710 453; x_wconf 83' lang='lat' dir='ltr'>tulerat,</span> <span class='ocrx_word' id='word_1_41' title='bbox 732 418 921 457; x_wconf 81' lang='lat' dir='ltr'>congerebat</span> <span class='ocrx_word' id='word_1_42' title='bbox 937 418 968 448; x_wconf 88' lang='lat' dir='ltr'>in</span> <span class='ocrx_word' id='word_1_43' title='bbox 984 418 1135 449; x_wconf 76' lang='lat' dir='ltr'>saculum.</span> <span class='ocrx_word' id='word_1_44' title='bbox 1157 417 1224 456; x_wconf 89' lang='lat' dir='ltr'>Quo</span> <span class='ocrx_word' id='word_1_45' title='bbox 1237 419 1397 451; x_wconf 87' lang='lat' dir='ltr'>individuo</span> <span class='ocrx_word' id='word_1_46' title='bbox 1408 420 1419 436; x_wconf 61' lang='lat'><strong>2</strong></span> <span class='ocrx_word' id='word_1_47' title='bbox 1433 421 1546 452; x_wconf 89' lang='lat' dir='ltr'>comite</span> <span class='ocrx_word' id='word_1_48' title='bbox 1560 421 1634 453; x_wconf 87' lang='lat' dir='ltr'>foris</span> <span class='ocrx_word' id='word_1_49' title='bbox 1649 423 1758 454; x_wconf 89' lang='lat' dir='ltr'>uteba—</span> 
     </span>
     <span class='ocr_line' id='line_1_6' title="bbox 246 472 1752 516; baseline 0.006 -15"><span class='ocrx_word' id='word_1_50' title='bbox 246 474 309 509; x_wconf 88' lang='lat' dir='ltr'>tur,</span> <span class='ocrx_word' id='word_1_51' title='bbox 335 474 366 502; x_wconf 89' lang='lat' dir='ltr'>et</span> <span class='ocrx_word' id='word_1_52' title='bbox 392 472 504 510; x_wconf 82' lang='lat' dir='ltr'>verbis,</span> <span class='ocrx_word' id='word_1_53' title='bbox 531 475 563 503; x_wconf 89' lang='lat' dir='ltr'>et</span> <span class='ocrx_word' id='word_1_54' title='bbox 588 473 699 510; x_wconf 84' lang='lat' dir='ltr'>habitu</span> <span class='ocrx_word' id='word_1_55' title='bbox 724 475 860 514; x_wconf 83' lang='lat' dir='ltr'>corporis</span> <span class='ocrx_word' id='word_1_56' title='bbox 880 477 976 514; x_wconf 86' lang='lat' dir='ltr'>atque</span> <span class='ocrx_word' id='word_1_57' title='bbox 1002 475 1086 505; x_wconf 88' lang='lat' dir='ltr'>omni</span> <span class='ocrx_word' id='word_1_58' title='bbox 1099 476 1212 515; x_wconf 82' lang='lat' dir='ltr'>gestu³</span> <span class='ocrx_word' id='word_1_59' title='bbox 1237 475 1393 507; x_wconf 89' lang='lat' dir='ltr'>medicum</span> <span class='ocrx_word' id='word_1_60' title='bbox 1419 477 1611 516; x_wconf 82' lang='lat' dir='ltr'>praeferens,</span> <span class='ocrx_word' id='word_1_61' title='bbox 1637 481 1752 510; x_wconf 88' lang='lat' dir='ltr'>utnon</span> 
     </span>
     <span class='ocr_line' id='line_1_7' title="bbox 246 528 1755 575; baseline 0.006 -16"><span class='ocrx_word' id='word_1_62' title='bbox 246 528 416 560; x_wconf 85' lang='lat' dir='ltr'>admodum</span> <span class='ocrx_word' id='word_1_63' title='bbox 431 529 585 570; x_wconf 82' lang='lat' dir='ltr'>insignem</span> <span class='ocrx_word' id='word_1_64' title='bbox 605 530 653 561; x_wconf 88' lang='lat' dir='ltr'>ita</span> <span class='ocrx_word' id='word_1_65' title='bbox 666 541 724 561; x_wconf 88' lang='lat' dir='ltr'>nec</span> <span class='ocrx_word' id='word_1_66' title='bbox 748 541 874 570; x_wconf 84' lang='lat' dir='ltr'>prorsus</span> <span class='ocrx_word' id='word_1_67' title='bbox 889 532 1058 572; x_wconf 86' lang='lat' dir='ltr'>abjectum,</span> <span class='ocrx_word' id='word_1_68' title='bbox 1081 532 1141 564; x_wconf 90' lang='lat' dir='ltr'>nisi</span> <span class='ocrx_word' id='word_1_69' title='bbox 1156 533 1240 572; x_wconf 89' lang='lat' dir='ltr'>quod</span> <span class='ocrx_word' id='word_1_70' title='bbox 1263 533 1376 573; x_wconf 79' lang='lat' dir='ltr'>exigua</span> <span class='ocrx_word' id='word_1_71' title='bbox 1397 534 1539 565; x_wconf 86' lang='lat' dir='ltr'>mercede</span> <span class='ocrx_word' id='word_1_72' title='bbox 1553 536 1755 575; x_wconf 85' lang='lat' dir='ltr'>poscentibus</span> 
     </span>
     <span class='ocr_line' id='line_1_8' title="bbox 245 585 1754 629; baseline 0.005 -13"><span class='ocrx_word' id='word_1_73' title='bbox 245 585 344 616; x_wconf 85' lang='lat' dir='ltr'>dabat</span> <span class='ocrx_word' id='word_1_74' title='bbox 358 587 535 626; x_wconf 81' lang='lat' dir='ltr'>perscripta</span> <span class='ocrx_word' id='word_1_75' title='bbox 546 587 556 603; x_wconf 75' lang='lat'>‘¹</span> <span class='ocrx_word' id='word_1_76' title='bbox 581 587 729 624; x_wconf 86' lang='lat' dir='ltr'>remedia,</span> <span class='ocrx_word' id='word_1_77' title='bbox 746 597 785 621; x_wconf 85' lang='lat' dir='ltr'>ne</span> <span class='ocrx_word' id='word_1_78' title='bbox 799 588 917 620; x_wconf 88' lang='lat' dir='ltr'>scilicet</span> <span class='ocrx_word' id='word_1_79' title='bbox 930 588 1058 620; x_wconf 82' lang='lat' dir='ltr'>carioris</span> <span class='ocrx_word' id='word_1_80' title='bbox 1073 589 1207 620; x_wconf 78' lang='lat' dir='ltr'>forsitan</span> <span class='ocrx_word' id='word_1_81' title='bbox 1221 590 1335 629; x_wconf 89' lang='lat' dir='ltr'>praetii</span> <span class='ocrx_word' id='word_1_82' title='bbox 1345 590 1357 607; x_wconf 83' lang='lat'>⁵</span> <span class='ocrx_word' id='word_1_83' title='bbox 1370 591 1568 623; x_wconf 75' lang='lat' dir='ltr'>denuntiatio</span> <span class='ocrx_word' id='word_1_84' title='bbox 1595 593 1754 624; x_wconf 86' lang='lat' dir='ltr'>venientes</span> 
     </span>
     <span class='ocr_line' id='line_1_9' title="bbox 245 642 1754 689; baseline 0.005 -16"><span class='ocrx_word' id='word_1_85' title='bbox 245 642 287 674; x_wconf 87' lang='lat' dir='ltr'>ad</span> <span class='ocrx_word' id='word_1_86' title='bbox 308 653 341 674; x_wconf 91' lang='lat' dir='ltr'>se</span> <span class='ocrx_word' id='word_1_87' title='bbox 361 643 538 683; x_wconf 88' lang='lat' dir='ltr'>repelleret,</span> <span class='ocrx_word' id='word_1_88' title='bbox 562 648 599 675; x_wconf 90' lang='lat' dir='ltr'>ut</span> <span class='ocrx_word' id='word_1_89' title='bbox 621 647 696 675; x_wconf 87' lang='lat' dir='ltr'>sunt</span> <span class='ocrx_word' id='word_1_90' title='bbox 714 645 857 685; x_wconf 86' lang='lat' dir='ltr'>plerique</span> <span class='ocrx_word' id='word_1_91' title='bbox 873 646 1012 677; x_wconf 73' lang='lat' dir='ltr'>vilioris⁰</span> <span class='ocrx_word' id='word_1_92' title='bbox 1038 646 1143 682; x_wconf 86' lang='lat' dir='ltr'>animi,</span> <span class='ocrx_word' id='word_1_93' title='bbox 1165 647 1220 686; x_wconf 89' lang='lat' dir='ltr'>qui</span> <span class='ocrx_word' id='word_1_94' title='bbox 1241 657 1356 678; x_wconf 87' lang='lat' dir='ltr'>aurum</span> <span class='ocrx_word' id='word_1_95' title='bbox 1386 648 1513 687; x_wconf 89' lang='lat' dir='ltr'>quidem</span> <span class='ocrx_word' id='word_1_96' title='bbox 1541 649 1712 689; x_wconf 88' lang='lat' dir='ltr'>plurimum</span> <span class='ocrx_word' id='word_1_97' title='bbox 1733 651 1754 687; x_wconf 82' lang='lat'>⁷,</span> 
     </span>
     <span class='ocr_line' id='line_1_10' title="bbox 242 700 1757 744; baseline 0.005 -14"><span class='ocrx_word' id='word_1_98' title='bbox 242 700 492 732; x_wconf 72' lang='lat' dir='ltr'>incolumitatem</span> <span class='ocrx_word' id='word_1_99' title='bbox 516 711 598 738; x_wconf 79' lang='lat' dir='ltr'>vero,</span> <span class='ocrx_word' id='word_1_100' title='bbox 623 712 704 742; x_wconf 86' lang='lat' dir='ltr'>quae</span> <span class='ocrx_word' id='word_1_101' title='bbox 722 703 805 733; x_wconf 89' lang='lat' dir='ltr'>omni</span> <span class='ocrx_word' id='word_1_102' title='bbox 826 713 905 734; x_wconf 88' lang='lat' dir='ltr'>auro</span> <span class='ocrx_word' id='word_1_103' title='bbox 926 703 1111 742; x_wconf 77' lang='lat' dir='ltr'>praetiosior</span> <span class='ocrx_word' id='word_1_104' title='bbox 1132 705 1190 740; x_wconf 84' lang='lat' dir='ltr'>est,</span> <span class='ocrx_word' id='word_1_105' title='bbox 1223 703 1344 735; x_wconf 85' lang='lat' dir='ltr'>minimi</span> <span class='ocrx_word' id='word_1_106' title='bbox 1365 705 1556 744; x_wconf 78' lang='lat' dir='ltr'>existimant,</span> <span class='ocrx_word' id='word_1_107' title='bbox 1581 705 1656 737; x_wconf 91' lang='lat' dir='ltr'>dum</span> <span class='ocrx_word' id='word_1_108' title='bbox 1678 717 1757 738; x_wconf 90' lang='lat' dir='ltr'>mor-</span> 
     </span>
     <span class='ocr_line' id='line_1_11' title="bbox 245 757 1757 802; baseline 0.004 -14"><span class='ocrx_word' id='word_1_109' title='bbox 245 757 301 788; x_wconf 88' lang='lat' dir='ltr'>bos</span> <span class='ocrx_word' id='word_1_110' title='bbox 324 757 408 797; x_wconf 87' lang='lat' dir='ltr'>apud</span> <span class='ocrx_word' id='word_1_111' title='bbox 423 768 455 788; x_wconf 86' lang='lat' dir='ltr'>se</span> <span class='ocrx_word' id='word_1_112' title='bbox 477 758 531 789; x_wconf 91' lang='lat' dir='ltr'>diu</span> <span class='ocrx_word' id='word_1_113' title='bbox 545 759 669 790; x_wconf 86' lang='lat' dir='ltr'>nutrire</span> <span class='ocrx_word' id='word_1_114' title='bbox 691 759 815 790; x_wconf 85' lang='lat' dir='ltr'>malunt</span> <span class='ocrx_word' id='word_1_115' title='bbox 839 770 935 799; x_wconf 87' lang='lat' dir='ltr'>quam</span> <span class='ocrx_word' id='word_1_116' title='bbox 958 770 1014 799; x_wconf 91' lang='lat' dir='ltr'>pro</span> <span class='ocrx_word' id='word_1_117' title='bbox 1026 760 1186 800; x_wconf 84' lang='lat' dir='ltr'>ejiciendis</span> <span class='ocrx_word' id='word_1_118' title='bbox 1200 764 1267 792; x_wconf 87' lang='lat' dir='ltr'>tam</span> <span class='ocrx_word' id='word_1_119' title='bbox 1280 761 1420 793; x_wconf 86' lang='lat' dir='ltr'>molestis</span> <span class='ocrx_word' id='word_1_120' title='bbox 1434 762 1611 802; x_wconf 80' lang='lat' dir='ltr'>hospitibus</span> <span class='ocrx_word' id='word_1_121' title='bbox 1634 763 1757 794; x_wconf 77' lang='lat' dir='ltr'>ubivis⁸</span> 
     </span>
     <span class='ocr_line' id='line_1_12' title="bbox 244 815 1754 857; baseline 0.005 -12"><span class='ocrx_word' id='word_1_122' title='bbox 244 815 417 855; x_wconf 82' lang='lat' dir='ltr'>quidquam</span> <span class='ocrx_word' id='word_1_123' title='bbox 439 816 626 855; x_wconf 87' lang='lat' dir='ltr'>impendere.</span> <span class='ocrx_word' id='word_1_124' title='bbox 661 816 764 854; x_wconf 79' lang='lat' dir='ltr'>Quum</span> <span class='ocrx_word' id='word_1_125' title='bbox 787 820 895 848; x_wconf 86' lang='lat' dir='ltr'>autem</span> <span class='ocrx_word' id='word_1_126' title='bbox 917 817 1073 857; x_wconf 81' lang='lat' dir='ltr'>quispiam</span> <span class='ocrx_word' id='word_1_127' title='bbox 1104 818 1154 848; x_wconf 86' lang='lat' dir='ltr'>vel</span> <span class='ocrx_word' id='word_1_128' title='bbox 1176 818 1235 849; x_wconf 87' lang='lat' dir='ltr'>sibi</span> <span class='ocrx_word' id='word_1_129' title='bbox 1259 818 1308 849; x_wconf 87' lang='lat' dir='ltr'>vel</span> <span class='ocrx_word' id='word_1_130' title='bbox 1328 819 1422 850; x_wconf 88' lang='lat' dir='ltr'>alteri</span> <span class='ocrx_word' id='word_1_131' title='bbox 1454 819 1568 851; x_wconf 83' lang='lat' dir='ltr'>salutis</span> <span class='ocrx_word' id='word_1_132' title='bbox 1590 821 1754 852; x_wconf 85' lang='lat' dir='ltr'>consilium</span> 
     </span>
     <span class='ocr_line' id='line_1_13' title="bbox 245 871 1755 916; baseline 0.004 -14"><span class='ocrx_word' id='word_1_133' title='bbox 245 871 354 903; x_wconf 85' lang='lat' dir='ltr'>oblata</span> <span class='ocrx_word' id='word_1_134' title='bbox 375 872 516 903; x_wconf 84' lang='lat' dir='ltr'>mercede</span> <span class='ocrx_word' id='word_1_135' title='bbox 539 873 725 912; x_wconf 78' lang='lat' dir='ltr'>postularet,</span> <span class='ocrx_word' id='word_1_136' title='bbox 750 873 803 904; x_wconf 86' lang='lat' dir='ltr'>ille</span> <span class='ocrx_word' id='word_1_137' title='bbox 825 873 931 905; x_wconf 84' lang='lat' dir='ltr'>saculo</span> <span class='ocrx_word' id='word_1_138' title='bbox 959 875 1110 905; x_wconf 75' lang='lat' dir='ltr'>manum⁹</span> <span class='ocrx_word' id='word_1_139' title='bbox 1130 875 1302 914; x_wconf 89' lang='lat' dir='ltr'>imponens.</span> <span class='ocrx_word' id='word_1_140' title='bbox 1335 876 1419 913; x_wconf 86' lang='lat' dir='ltr'>Pete,</span> <span class='ocrx_word' id='word_1_141' title='bbox 1442 877 1558 916; x_wconf 81' lang='lat' dir='ltr'>ajebat,</span> <span class='ocrx_word' id='word_1_142' title='bbox 1580 887 1600 907; x_wconf 91' lang='lat' dir='ltr'>a</span> <span class='ocrx_word' id='word_1_143' title='bbox 1622 877 1696 914; x_wconf 90' lang='lat' dir='ltr'>Deo,</span> <span class='ocrx_word' id='word_1_144' title='bbox 1719 880 1755 908; x_wconf 93' lang='lat' dir='ltr'>ut</span> 
     </span>
     <span class='ocr_line' id='line_1_14' title="bbox 245 929 1756 974; baseline 0.004 -15"><span class='ocrx_word' id='word_1_145' title='bbox 245 929 361 960; x_wconf 86' lang='lat' dir='ltr'>bonum</span> <span class='ocrx_word' id='word_1_146' title='bbox 382 929 441 960; x_wconf 87' lang='lat' dir='ltr'>tibi</span> <span class='ocrx_word' id='word_1_147' title='bbox 463 930 595 960; x_wconf 84' lang='lat' dir='ltr'>eveniat.</span> <span class='ocrx_word' id='word_1_148' title='bbox 617 931 659 961; x_wconf 91' lang='lat' dir='ltr'>At</span> <span class='ocrx_word' id='word_1_149' title='bbox 685 933 761 961; x_wconf 88' lang='lat' dir='ltr'>tunc</span> <span class='ocrx_word' id='word_1_150' title='bbox 783 931 937 970; x_wconf 88' lang='lat' dir='ltr'>quidquid</span> <span class='ocrx_word' id='word_1_151' title='bbox 959 931 1064 971; x_wconf 83' lang='lat' dir='ltr'>digitis</span> <span class='ocrx_word' id='word_1_152' title='bbox 1083 942 1148 963; x_wconf 90' lang='lat' dir='ltr'>sors</span> <span class='ocrx_word' id='word_1_153' title='bbox 1168 932 1338 970; x_wconf 85' lang='lat' dir='ltr'>obtulerat,</span> <span class='ocrx_word' id='word_1_154' title='bbox 1359 934 1499 972; x_wconf 86' lang='lat' dir='ltr'>poscenti</span> <span class='ocrx_word' id='word_1_155' title='bbox 1521 933 1626 964; x_wconf 86' lang='lat' dir='ltr'>dabat.</span> <span class='ocrx_word' id='word_1_156' title='bbox 1642 934 1756 974; x_wconf 89' lang='lat' dir='ltr'>Itaque</span> 
     </span>
     <span class='ocr_line' id='line_1_15' title="bbox 244 987 1755 1030; baseline 0.004 -14"><span class='ocrx_word' id='word_1_157' title='bbox 244 987 353 1018; x_wconf 87' lang='lat' dir='ltr'>crebro</span> <span class='ocrx_word' id='word_1_158' title='bbox 374 988 467 1018; x_wconf 77' lang='lat' dir='ltr'>noxia</span> <span class='ocrx_word' id='word_1_159' title='bbox 489 991 521 1017; x_wconf 90' lang='lat' dir='ltr'>et</span> <span class='ocrx_word' id='word_1_160' title='bbox 544 987 640 1018; x_wconf 80' lang='lat' dir='ltr'>saluti</span> <span class='ocrx_word' id='word_1_161' title='bbox 673 988 750 1027; x_wconf 81' lang='lat' dir='ltr'>ejus,</span> <span class='ocrx_word' id='word_1_162' title='bbox 771 998 910 1028; x_wconf 79' lang='lat' dir='ltr'>proquo</span> <span class='ocrx_word' id='word_1_163' title='bbox 928 988 1104 1028; x_wconf 80' lang='lat' dir='ltr'>petebatur,</span> <span class='ocrx_word' id='word_1_164' title='bbox 1138 989 1270 1021; x_wconf 82' lang='lat' dir='ltr'>adversa</span> <span class='ocrx_word' id='word_1_165' title='bbox 1291 991 1481 1030; x_wconf 80' lang='lat' dir='ltr'>porrigebat,</span> <span class='ocrx_word' id='word_1_166' title='bbox 1493 991 1664 1030; x_wconf 89' lang='lat' dir='ltr'>plurimum</span> <span class='ocrx_word' id='word_1_167' title='bbox 1675 991 1755 1022; x_wconf 82' lang='lat' dir='ltr'>nihil</span> 
     </span>
     <span class='ocr_line' id='line_1_16' title="bbox 244 1043 690 1081; baseline 0 -7"><span class='ocrx_word' id='word_1_168' title='bbox 244 1043 427 1081; x_wconf 81' lang='lat' dir='ltr'>attinentia,</span> <span class='ocrx_word' id='word_1_169' title='bbox 450 1054 520 1075; x_wconf 84' lang='lat' dir='ltr'>raro</span> <span class='ocrx_word' id='word_1_170' title='bbox 542 1043 690 1075; x_wconf 81' lang='lat' dir='ltr'>salubria.</span> 
     </span>
    </p>

    <p class='ocr_par' dir='ltr' id='par_1_3' title="bbox 235 1101 1756 2117">
     <span class='ocr_line' id='line_1_17' title="bbox 324 1101 1756 1145; baseline 0.003 -14"><span class='ocrx_word' id='word_1_171' title='bbox 324 1101 416 1132; x_wconf 87' lang='lat' dir='ltr'>Alter</span> <span class='ocrx_word' id='word_1_172' title='bbox 436 1111 518 1138; x_wconf 81' lang='lat' dir='ltr'>vero,</span> <span class='ocrx_word' id='word_1_173' title='bbox 551 1101 650 1141; x_wconf 87' lang='lat' dir='ltr'>ignoti</span> <span class='ocrx_word' id='word_1_174' title='bbox 672 1102 814 1139; x_wconf 87' lang='lat' dir='ltr'>nominis,</span> <span class='ocrx_word' id='word_1_175' title='bbox 849 1102 976 1134; x_wconf 84' lang='lat' dir='ltr'>colonus</span> <span class='ocrx_word' id='word_1_176' title='bbox 998 1103 1069 1140; x_wconf 79' lang='lat' dir='ltr'>fuit,</span> <span class='ocrx_word' id='word_1_177' title='bbox 1091 1104 1145 1143; x_wconf 88' lang='lat' dir='ltr'>qui</span> <span class='ocrx_word' id='word_1_178' title='bbox 1168 1104 1309 1142; x_wconf 85' lang='lat' dir='ltr'>audiens,</span> <span class='ocrx_word' id='word_1_179' title='bbox 1327 1104 1451 1136; x_wconf 88' lang='lat' dir='ltr'>domino</span> <span class='ocrx_word' id='word_1_180' title='bbox 1467 1106 1497 1141; x_wconf 68' lang='lat'>¹⁰,</span> <span class='ocrx_word' id='word_1_181' title='bbox 1519 1115 1538 1135; x_wconf 84' lang='lat' dir='ltr'>a</span> <span class='ocrx_word' id='word_1_182' title='bbox 1570 1115 1633 1145; x_wconf 91' lang='lat' dir='ltr'>quo</span> <span class='ocrx_word' id='word_1_183' title='bbox 1653 1115 1756 1145; x_wconf 88' lang='lat' dir='ltr'>nuper</span> 
     </span>
     <span class='ocr_line' id='line_1_18' title="bbox 243 1158 1753 1202; baseline 0.003 -14"><span class='ocrx_word' id='word_1_184' title='bbox 243 1169 355 1198; x_wconf 86' lang='lat' dir='ltr'>agrum</span> <span class='ocrx_word' id='word_1_185' title='bbox 377 1158 543 1189; x_wconf 86' lang='lat' dir='ltr'>colendum</span> <span class='ocrx_word' id='word_1_186' title='bbox 565 1162 737 1198; x_wconf 85' lang='lat' dir='ltr'>acceperat,</span> <span class='ocrx_word' id='word_1_187' title='bbox 771 1159 909 1190; x_wconf 83' lang='lat' dir='ltr'>novellas</span> <span class='ocrx_word' id='word_1_188' title='bbox 929 1159 1008 1191; x_wconf 87' lang='lat' dir='ltr'>ficus</span> <span class='ocrx_word' id='word_1_189' title='bbox 1029 1171 1097 1192; x_wconf 84' lang='lat' dir='ltr'>esse</span> <span class='ocrx_word' id='word_1_190' title='bbox 1122 1162 1237 1192; x_wconf 87' lang='lat' dir='ltr'>mirum</span> <span class='ocrx_word' id='word_1_191' title='bbox 1271 1163 1303 1192; x_wconf 92' lang='lat' dir='ltr'>in</span> <span class='ocrx_word' id='word_1_192' title='bbox 1325 1161 1451 1193; x_wconf 88' lang='lat' dir='ltr'>modum</span> <span class='ocrx_word' id='word_1_193' title='bbox 1472 1165 1590 1202; x_wconf 81' lang='lat' dir='ltr'>gratas,</span> <span class='ocrx_word' id='word_1_194' title='bbox 1616 1163 1753 1202; x_wconf 87' lang='lat' dir='ltr'>primum</span> 
     </span>
     <span class='ocr_line' id='line_1_19' title="bbox 242 1215 1752 1259; baseline 0.003 -13"><span class='ocrx_word' id='word_1_195' title='bbox 242 1215 369 1255; x_wconf 89' lang='lat' dir='ltr'>quidem</span> <span class='ocrx_word' id='word_1_196' title='bbox 394 1215 557 1246; x_wconf 85' lang='lat' dir='ltr'>ficulideas</span> <span class='ocrx_word' id='word_1_197' title='bbox 583 1216 601 1232; x_wconf 85' lang='lat'>¹¹</span> <span class='ocrx_word' id='word_1_198' title='bbox 625 1216 763 1252; x_wconf 86' lang='lat' dir='ltr'>arbores,</span> <span class='ocrx_word' id='word_1_199' title='bbox 784 1227 867 1256; x_wconf 82' lang='lat' dir='ltr'>quae</span> <span class='ocrx_word' id='word_1_200' title='bbox 888 1217 1045 1256; x_wconf 85' lang='lat' dir='ltr'>plurimae</span> <span class='ocrx_word' id='word_1_201' title='bbox 1077 1228 1151 1258; x_wconf 86' lang='lat' dir='ltr'>agro</span> <span class='ocrx_word' id='word_1_202' title='bbox 1183 1219 1318 1255; x_wconf 78' lang='lat' dir='ltr'>inerant,</span> <span class='ocrx_word' id='word_1_203' title='bbox 1346 1229 1468 1250; x_wconf 86' lang='lat' dir='ltr'>summa</span> <span class='ocrx_word' id='word_1_204' title='bbox 1489 1229 1561 1250; x_wconf 88' lang='lat' dir='ltr'>cum</span> <span class='ocrx_word' id='word_1_205' title='bbox 1586 1219 1752 1259; x_wconf 78' lang='lat' dir='ltr'>diligentia</span> 
     </span>
     <span class='ocr_line' id='line_1_20' title="bbox 242 1272 1751 1316; baseline 0.002 -12"><span class='ocrx_word' id='word_1_206' title='bbox 242 1273 372 1304; x_wconf 74' lang='lat' dir='ltr'>curavit.</span> <span class='ocrx_word' id='word_1_207' title='bbox 395 1272 533 1304; x_wconf 80' lang='lat' dir='ltr'>Subinde</span> <span class='ocrx_word' id='word_1_208' title='bbox 555 1283 637 1310; x_wconf 80' lang='lat' dir='ltr'>vero,</span> <span class='ocrx_word' id='word_1_209' title='bbox 654 1276 820 1313; x_wconf 85' lang='lat' dir='ltr'>postquam</span> <span class='ocrx_word' id='word_1_210' title='bbox 834 1274 997 1305; x_wconf 85' lang='lat' dir='ltr'>fructuum</span> <span class='ocrx_word' id='word_1_211' title='bbox 1014 1279 1189 1306; x_wconf 86' lang='lat' dir='ltr'>accesserat</span> <span class='ocrx_word' id='word_1_212' title='bbox 1209 1279 1342 1316; x_wconf 81' lang='lat' dir='ltr'>tempus,</span> <span class='ocrx_word' id='word_1_213' title='bbox 1360 1279 1396 1306; x_wconf 87' lang='lat' dir='ltr'>ut</span> <span class='ocrx_word' id='word_1_214' title='bbox 1409 1277 1471 1307; x_wconf 85' lang='lat' dir='ltr'>cito</span> <span class='ocrx_word' id='word_1_215' title='bbox 1486 1280 1751 1314; x_wconf 79' lang='lat' dir='ltr'>maturescerent,</span> 
     </span>
     <span class='ocr_line' id='line_1_21' title="bbox 243 1330 1754 1373; baseline 0.003 -13"><span class='ocrx_word' id='word_1_216' title='bbox 243 1330 327 1361; x_wconf 87' lang='lat' dir='ltr'>omni</span> <span class='ocrx_word' id='word_1_217' title='bbox 349 1340 426 1361; x_wconf 85' lang='lat' dir='ltr'>cura</span> <span class='ocrx_word' id='word_1_218' title='bbox 448 1331 594 1370; x_wconf 83' lang='lat' dir='ltr'>omnique</span> <span class='ocrx_word' id='word_1_219' title='bbox 616 1333 685 1362; x_wconf 88' lang='lat' dir='ltr'>arte</span> <span class='ocrx_word' id='word_1_220' title='bbox 705 1331 864 1370; x_wconf 80' lang='lat' dir='ltr'>studebat,</span> <span class='ocrx_word' id='word_1_221' title='bbox 888 1333 1071 1371; x_wconf 82' lang='lat' dir='ltr'>praevenire</span> <span class='ocrx_word' id='word_1_222' title='bbox 1087 1333 1107 1349; x_wconf 63' lang='lat'>¹2</span> <span class='ocrx_word' id='word_1_223' title='bbox 1130 1335 1268 1364; x_wconf 87' lang='lat' dir='ltr'>caeteros</span> <span class='ocrx_word' id='word_1_224' title='bbox 1290 1333 1427 1372; x_wconf 81' lang='lat' dir='ltr'>cupiens,</span> <span class='ocrx_word' id='word_1_225' title='bbox 1444 1334 1636 1373; x_wconf 87' lang='lat' dir='ltr'>quicumque</span> <span class='ocrx_word' id='word_1_226' title='bbox 1659 1334 1754 1366; x_wconf 80' lang='lat' dir='ltr'>simili</span> 
     </span>
     <span class='ocr_line' id='line_1_22' title="bbox 241 1387 1751 1430; baseline 0.003 -12"><span class='ocrx_word' id='word_1_227' title='bbox 241 1398 371 1418; x_wconf 87' lang='lat' dir='ltr'>munere</span> <span class='ocrx_word' id='word_1_228' title='bbox 391 1387 593 1428; x_wconf 86' lang='lat' dir='ltr'>magnificare</span> <span class='ocrx_word' id='word_1_229' title='bbox 624 1397 655 1419; x_wconf 88' lang='lat' dir='ltr'>se</span> <span class='ocrx_word' id='word_1_230' title='bbox 678 1388 763 1428; x_wconf 81' lang='lat' dir='ltr'>apud</span> <span class='ocrx_word' id='word_1_231' title='bbox 795 1388 955 1420; x_wconf 86' lang='lat' dir='ltr'>dominum</span> <span class='ocrx_word' id='word_1_232' title='bbox 979 1389 1159 1421; x_wconf 83' lang='lat' dir='ltr'>voluissent.</span> <span class='ocrx_word' id='word_1_233' title='bbox 1193 1390 1412 1428; x_wconf 82' lang='lat' dir='ltr'>Quamobrem,</span> <span class='ocrx_word' id='word_1_234' title='bbox 1444 1390 1613 1430; x_wconf 87' lang='lat' dir='ltr'>impatiens</span> <span class='ocrx_word' id='word_1_235' title='bbox 1635 1401 1751 1428; x_wconf 82' lang='lat' dir='ltr'>morae,</span> 
     </span>
     <span class='ocr_line' id='line_1_23' title="bbox 241 1444 1749 1488; baseline 0.003 -13"><span class='ocrx_word' id='word_1_236' title='bbox 241 1444 295 1475; x_wconf 88' lang='lat' dir='ltr'>diu</span> <span class='ocrx_word' id='word_1_237' title='bbox 310 1445 400 1476; x_wconf 89' lang='lat' dir='ltr'>nimis</span> <span class='ocrx_word' id='word_1_238' title='bbox 422 1445 578 1476; x_wconf 85' lang='lat' dir='ltr'>accelerat</span> <span class='ocrx_word' id='word_1_239' title='bbox 600 1448 820 1484; x_wconf 81' lang='lat' dir='ltr'>permaturare</span> <span class='ocrx_word' id='word_1_240' title='bbox 834 1446 862 1476; x_wconf 81' lang='lat'>¹³.</span> <span class='ocrx_word' id='word_1_241' title='bbox 896 1446 1001 1477; x_wconf 89' lang='lat' dir='ltr'>Minus</span> <span class='ocrx_word' id='word_1_242' title='bbox 1023 1447 1165 1486; x_wconf 82' lang='lat' dir='ltr'>paravit;</span> <span class='ocrx_word' id='word_1_243' title='bbox 1198 1447 1374 1478; x_wconf 83' lang='lat' dir='ltr'>consectum</span> <span class='ocrx_word' id='word_1_244' title='bbox 1399 1447 1535 1487; x_wconf 85' lang='lat' dir='ltr'>quidem,</span> <span class='ocrx_word' id='word_1_245' title='bbox 1560 1447 1614 1478; x_wconf 87' lang='lat' dir='ltr'>sed</span> <span class='ocrx_word' id='word_1_246' title='bbox 1636 1458 1749 1488; x_wconf 87' lang='lat' dir='ltr'>parum</span> 
     </span>
     <span class='ocr_line' id='line_1_24' title="bbox 241 1502 1751 1542; baseline 0.003 -10"><span class='ocrx_word' id='word_1_247' title='bbox 241 1505 376 1542; x_wconf 83' lang='lat' dir='ltr'>gratum.</span> <span class='ocrx_word' id='word_1_248' title='bbox 403 1502 485 1533; x_wconf 87' lang='lat' dir='ltr'>Nam</span> <span class='ocrx_word' id='word_1_249' title='bbox 506 1513 568 1533; x_wconf 90' lang='lat' dir='ltr'>non</span> <span class='ocrx_word' id='word_1_250' title='bbox 590 1506 627 1534; x_wconf 90' lang='lat' dir='ltr'>ut</span> <span class='ocrx_word' id='word_1_251' title='bbox 649 1503 749 1534; x_wconf 87' lang='lat' dir='ltr'>solum</span> <span class='ocrx_word' id='word_1_252' title='bbox 781 1503 921 1535; x_wconf 87' lang='lat' dir='ltr'>celeriori</span> <span class='ocrx_word' id='word_1_253' title='bbox 943 1503 1100 1535; x_wconf 83' lang='lat' dir='ltr'>oblatione</span> <span class='ocrx_word' id='word_1_254' title='bbox 1132 1504 1187 1535; x_wconf 88' lang='lat' dir='ltr'>sed</span> <span class='ocrx_word' id='word_1_255' title='bbox 1207 1505 1302 1535; x_wconf 83' lang='lat' dir='ltr'>etiam</span> <span class='ocrx_word' id='word_1_256' title='bbox 1325 1508 1361 1535; x_wconf 92' lang='lat' dir='ltr'>ut</span> <span class='ocrx_word' id='word_1_257' title='bbox 1390 1505 1592 1536; x_wconf 85' lang='lat' dir='ltr'>cumulatiori</span> <span class='ocrx_word' id='word_1_258' title='bbox 1614 1505 1751 1536; x_wconf 86' lang='lat' dir='ltr'>canistro</span> 
     </span>
     <span class='ocr_line' id='line_1_25' title="bbox 240 1559 1751 1602; baseline 0.002 -12"><span class='ocrx_word' id='word_1_259' title='bbox 240 1560 399 1599; x_wconf 79' lang='lat' dir='ltr'>acceptior</span> <span class='ocrx_word' id='word_1_260' title='bbox 418 1559 519 1597; x_wconf 81' lang='lat' dir='ltr'>fieret,</span> <span class='ocrx_word' id='word_1_261' title='bbox 542 1563 685 1591; x_wconf 79' lang='lat' dir='ltr'>maturas</span> <span class='ocrx_word' id='word_1_262' title='bbox 699 1560 963 1601; x_wconf 85' lang='lat' dir='ltr'>submaturasque</span> <span class='ocrx_word' id='word_1_263' title='bbox 988 1561 1109 1601; x_wconf 82' lang='lat' dir='ltr'>pariter</span> <span class='ocrx_word' id='word_1_264' title='bbox 1123 1561 1259 1602; x_wconf 83' lang='lat' dir='ltr'>collegit,</span> <span class='ocrx_word' id='word_1_265' title='bbox 1284 1565 1381 1601; x_wconf 87' lang='lat' dir='ltr'>atque</span> <span class='ocrx_word' id='word_1_266' title='bbox 1404 1562 1451 1592; x_wconf 87' lang='lat' dir='ltr'>ita</span> <span class='ocrx_word' id='word_1_267' title='bbox 1478 1562 1597 1593; x_wconf 88' lang='lat' dir='ltr'>detulit</span> <span class='ocrx_word' id='word_1_268' title='bbox 1622 1565 1659 1593; x_wconf 92' lang='lat' dir='ltr'>ut</span> <span class='ocrx_word' id='word_1_269' title='bbox 1672 1562 1751 1593; x_wconf 82' lang='lat' dir='ltr'>nihil</span> 
     </span>
     <span class='ocr_line' id='line_1_26' title="bbox 240 1617 1751 1659; baseline 0.002 -12"><span class='ocrx_word' id='word_1_270' title='bbox 240 1627 389 1657; x_wconf 82' lang='lat' dir='ltr'>magnum</span> <span class='ocrx_word' id='word_1_271' title='bbox 400 1627 432 1647; x_wconf 84' lang='lat' dir='ltr'>se</span> <span class='ocrx_word' id='word_1_272' title='bbox 441 1618 461 1634; x_wconf 71' lang='lat'>¹¹</span> <span class='ocrx_word' id='word_1_273' title='bbox 477 1617 586 1648; x_wconf 86' lang='lat' dir='ltr'>fecisse</span> <span class='ocrx_word' id='word_1_274' title='bbox 601 1617 823 1655; x_wconf 83' lang='lat' dir='ltr'>arbitraretur,</span> <span class='ocrx_word' id='word_1_275' title='bbox 834 1628 1046 1658; x_wconf 85' lang='lat' dir='ltr'>magnumque</span> <span class='ocrx_word' id='word_1_276' title='bbox 1059 1619 1155 1650; x_wconf 86' lang='lat' dir='ltr'>videri</span> <span class='ocrx_word' id='word_1_277' title='bbox 1167 1619 1262 1650; x_wconf 84' lang='lat' dir='ltr'>vellet</span> <span class='ocrx_word' id='word_1_278' title='bbox 1275 1619 1358 1659; x_wconf 87' lang='lat' dir='ltr'>quod</span> <span class='ocrx_word' id='word_1_279' title='bbox 1370 1619 1494 1650; x_wconf 72' lang='lat' dir='ltr'>fecerat,</span> <span class='ocrx_word' id='word_1_280' title='bbox 1514 1619 1664 1650; x_wconf 81' lang='lat' dir='ltr'>Dominus</span> <span class='ocrx_word' id='word_1_281' title='bbox 1678 1630 1751 1650; x_wconf 85' lang='lat' dir='ltr'>vero</span> 
     </span>
     <span class='ocr_line' id='line_1_27' title="bbox 238 1674 1751 1716; baseline 0.002 -12"><span class='ocrx_word' id='word_1_282' title='bbox 238 1674 344 1705; x_wconf 81' lang='lat' dir='ltr'>videns</span> <span class='ocrx_word' id='word_1_283' title='bbox 361 1675 381 1691; x_wconf 81' lang='lat'>¹⁵</span> <span class='ocrx_word' id='word_1_284' title='bbox 402 1685 518 1714; x_wconf 84' lang='lat' dir='ltr'>paucas</span> <span class='ocrx_word' id='word_1_285' title='bbox 532 1675 583 1705; x_wconf 75' lang='lat' dir='ltr'>vix</span> <span class='ocrx_word' id='word_1_286' title='bbox 604 1678 746 1706; x_wconf 84' lang='lat' dir='ltr'>maturas</span> <span class='ocrx_word' id='word_1_287' title='bbox 768 1677 800 1705; x_wconf 85' lang='lat' dir='ltr'>et</span> <span class='ocrx_word' id='word_1_288' title='bbox 814 1675 983 1715; x_wconf 83' lang='lat' dir='ltr'>plerasque</span> <span class='ocrx_word' id='word_1_289' title='bbox 999 1677 1028 1706; x_wconf 85' lang='lat' dir='ltr'>vi</span> <span class='ocrx_word' id='word_1_290' title='bbox 1044 1678 1221 1707; x_wconf 83' lang='lat' dir='ltr'>maturatas</span> <span class='ocrx_word' id='word_1_291' title='bbox 1235 1676 1266 1713; x_wconf 75' lang='lat'>¹⁶,</span> <span class='ocrx_word' id='word_1_292' title='bbox 1287 1686 1348 1716; x_wconf 85' lang='lat' dir='ltr'>quo</span> <span class='ocrx_word' id='word_1_293' title='bbox 1364 1677 1463 1716; x_wconf 86' lang='lat' dir='ltr'>magis</span> <span class='ocrx_word' id='word_1_294' title='bbox 1478 1687 1513 1707; x_wconf 93' lang='lat' dir='ltr'>eo</span> <span class='ocrx_word' id='word_1_295' title='bbox 1528 1677 1636 1707; x_wconf 81' lang='lat' dir='ltr'>fructu</span> <span class='ocrx_word' id='word_1_296' title='bbox 1650 1677 1751 1708; x_wconf 86' lang='lat' dir='ltr'>delec&#39;-</span> 
     </span>
     <span class='ocr_line' id='line_1_28' title="bbox 238 1731 1751 1773; baseline 0.002 -11"><span class='ocrx_word' id='word_1_297' title='bbox 238 1732 379 1770; x_wconf 83' lang='lat' dir='ltr'>tabatur,</span> <span class='ocrx_word' id='word_1_298' title='bbox 402 1742 436 1762; x_wconf 91' lang='lat' dir='ltr'>eo</span> <span class='ocrx_word' id='word_1_299' title='bbox 458 1731 672 1763; x_wconf 80' lang='lat' dir='ltr'>vehementius</span> <span class='ocrx_word' id='word_1_300' title='bbox 695 1733 814 1764; x_wconf 76' lang='lat' dir='ltr'>exarsit</span> <span class='ocrx_word' id='word_1_301' title='bbox 834 1732 868 1762; x_wconf 88' lang='lat' dir='ltr'>in</span> <span class='ocrx_word' id='word_1_302' title='bbox 888 1733 977 1764; x_wconf 84' lang='lat' dir='ltr'>iram.</span> <span class='ocrx_word' id='word_1_303' title='bbox 998 1734 1043 1763; x_wconf 89' lang='lat' dir='ltr'>Ac</span> <span class='ocrx_word' id='word_1_304' title='bbox 1064 1734 1163 1773; x_wconf 87' lang='lat' dir='ltr'>primo</span> <span class='ocrx_word' id='word_1_305' title='bbox 1185 1733 1313 1773; x_wconf 86' lang='lat' dir='ltr'>quidem</span> <span class='ocrx_word' id='word_1_306' title='bbox 1335 1734 1489 1773; x_wconf 88' lang='lat' dir='ltr'>impetum</span> <span class='ocrx_word' id='word_1_307' title='bbox 1511 1734 1626 1765; x_wconf 87' lang='lat' dir='ltr'>habuit</span> <span class='ocrx_word' id='word_1_308' title='bbox 1647 1735 1751 1765; x_wconf 82' lang='lat' dir='ltr'>acrius</span> 
     </span>
     <span class='ocr_line' id='line_1_29' title="bbox 236 1789 1751 1830; baseline 0.001 -11"><span class='ocrx_word' id='word_1_309' title='bbox 236 1789 270 1819; x_wconf 91' lang='lat' dir='ltr'>in</span> <span class='ocrx_word' id='word_1_310' title='bbox 290 1789 381 1820; x_wconf 90' lang='lat' dir='ltr'>illum</span> <span class='ocrx_word' id='word_1_311' title='bbox 404 1789 570 1820; x_wconf 86' lang='lat' dir='ltr'>saeviendi.</span> <span class='ocrx_word' id='word_1_312' title='bbox 594 1789 743 1820; x_wconf 79' lang='lat' dir='ltr'>Protinus</span> <span class='ocrx_word' id='word_1_313' title='bbox 763 1792 879 1828; x_wconf 87' lang='lat' dir='ltr'>tamen,</span> <span class='ocrx_word' id='word_1_314' title='bbox 902 1792 938 1821; x_wconf 90' lang='lat' dir='ltr'>ut</span> <span class='ocrx_word' id='word_1_315' title='bbox 959 1794 1029 1821; x_wconf 88' lang='lat' dir='ltr'>erat</span> <span class='ocrx_word' id='word_1_316' title='bbox 1050 1791 1188 1830; x_wconf 85' lang='lat' dir='ltr'>prudens</span> <span class='ocrx_word' id='word_1_317' title='bbox 1209 1801 1246 1822; x_wconf 85' lang='lat' dir='ltr'>ac</span> <span class='ocrx_word' id='word_1_318' title='bbox 1266 1791 1359 1828; x_wconf 73' lang='lat' dir='ltr'>mitis,</span> <span class='ocrx_word' id='word_1_319' title='bbox 1391 1791 1458 1822; x_wconf 84' lang='lat' dir='ltr'>irae</span> <span class='ocrx_word' id='word_1_320' title='bbox 1480 1790 1634 1822; x_wconf 81' lang='lat' dir='ltr'>fervorem</span> <span class='ocrx_word' id='word_1_321' title='bbox 1655 1791 1751 1822; x_wconf 90' lang='lat' dir='ltr'>rusti-</span> 
     </span>
     <span class='ocr_line' id='line_1_30' title="bbox 236 1845 1747 1888; baseline 0.002 -12"><span class='ocrx_word' id='word_1_322' title='bbox 236 1846 307 1876; x_wconf 79' lang='lat' dir='ltr'>cani</span> <span class='ocrx_word' id='word_1_323' title='bbox 328 1846 461 1877; x_wconf 82' lang='lat' dir='ltr'>hominis</span> <span class='ocrx_word' id='word_1_324' title='bbox 484 1845 626 1877; x_wconf 85' lang='lat' dir='ltr'>ruditate</span> <span class='ocrx_word' id='word_1_325' title='bbox 639 1846 836 1886; x_wconf 84' lang='lat' dir='ltr'>temperavit,</span> <span class='ocrx_word' id='word_1_326' title='bbox 859 1847 1017 1886; x_wconf 83' lang='lat' dir='ltr'>animique</span> <span class='ocrx_word' id='word_1_327' title='bbox 1038 1847 1085 1878; x_wconf 87' lang='lat' dir='ltr'>sui</span> <span class='ocrx_word' id='word_1_328' title='bbox 1099 1851 1219 1879; x_wconf 89' lang='lat' dir='ltr'>motum</span> <span class='ocrx_word' id='word_1_329' title='bbox 1240 1847 1280 1878; x_wconf 86' lang='lat' dir='ltr'>ad</span> <span class='ocrx_word' id='word_1_330' title='bbox 1288 1849 1395 1888; x_wconf 85' lang='lat' dir='ltr'>jocum</span> <span class='ocrx_word' id='word_1_331' title='bbox 1405 1848 1558 1885; x_wconf 78' lang='lat' dir='ltr'>traduxit,</span> <span class='ocrx_word' id='word_1_332' title='bbox 1579 1848 1626 1879; x_wconf 87' lang='lat' dir='ltr'>ita</span> <span class='ocrx_word' id='word_1_333' title='bbox 1639 1851 1747 1879; x_wconf 87' lang='lat' dir='ltr'>tamen</span> 
     </span>
     <span class='ocr_line' id='line_1_31' title="bbox 237 1903 1747 1945; baseline 0.001 -12"><span class='ocrx_word' id='word_1_334' title='bbox 237 1906 273 1934; x_wconf 87' lang='lat' dir='ltr'>ut</span> <span class='ocrx_word' id='word_1_335' title='bbox 293 1903 346 1934; x_wconf 89' lang='lat' dir='ltr'>ille</span> <span class='ocrx_word' id='word_1_336' title='bbox 368 1913 431 1934; x_wconf 91' lang='lat' dir='ltr'>non</span> <span class='ocrx_word' id='word_1_337' title='bbox 452 1903 555 1934; x_wconf 85' lang='lat' dir='ltr'>abiret</span> <span class='ocrx_word' id='word_1_338' title='bbox 585 1903 721 1944; x_wconf 88' lang='lat' dir='ltr'>impune.</span> <span class='ocrx_word' id='word_1_339' title='bbox 756 1903 874 1935; x_wconf 87' lang='lat' dir='ltr'>Verum</span> <span class='ocrx_word' id='word_1_340' title='bbox 895 1914 998 1944; x_wconf 88' lang='lat' dir='ltr'>neque</span> <span class='ocrx_word' id='word_1_341' title='bbox 1030 1905 1151 1944; x_wconf 87' lang='lat' dir='ltr'>peccati</span> <span class='ocrx_word' id='word_1_342' title='bbox 1184 1915 1316 1944; x_wconf 82' lang='lat' dir='ltr'>poenam</span> <span class='ocrx_word' id='word_1_343' title='bbox 1338 1915 1404 1937; x_wconf 86' lang='lat' dir='ltr'>esse</span> <span class='ocrx_word' id='word_1_344' title='bbox 1432 1905 1532 1936; x_wconf 82' lang='lat' dir='ltr'>voluit</span> <span class='ocrx_word' id='word_1_345' title='bbox 1552 1907 1609 1936; x_wconf 87' lang='lat' dir='ltr'>aut</span> <span class='ocrx_word' id='word_1_346' title='bbox 1628 1914 1747 1945; x_wconf 86' lang='lat' dir='ltr'>poenae</span> 
     </span>
     <span class='ocr_line' id='line_1_32' title="bbox 235 1960 1748 2002; baseline 0.001 -11"><span class='ocrx_word' id='word_1_347' title='bbox 235 1963 411 1992; x_wconf 79' lang='lat' dir='ltr'>exactorem</span> <span class='ocrx_word' id='word_1_348' title='bbox 433 1960 530 1992; x_wconf 88' lang='lat' dir='ltr'>alium</span> <span class='ocrx_word' id='word_1_349' title='bbox 551 1961 611 1992; x_wconf 91' lang='lat' dir='ltr'>nisi</span> <span class='ocrx_word' id='word_1_350' title='bbox 633 1970 733 2000; x_wconf 85' lang='lat' dir='ltr'>poma,</span> <span class='ocrx_word' id='word_1_351' title='bbox 755 1971 836 2000; x_wconf 88' lang='lat' dir='ltr'>quae</span> <span class='ocrx_word' id='word_1_352' title='bbox 858 1961 1006 2001; x_wconf 85' lang='lat' dir='ltr'>injuriam</span> <span class='ocrx_word' id='word_1_353' title='bbox 1034 1972 1159 2002; x_wconf 80' lang='lat' dir='ltr'>gravem</span> <span class='ocrx_word' id='word_1_354' title='bbox 1180 1973 1275 2002; x_wconf 80' lang='lat' dir='ltr'>passa</span> <span class='ocrx_word' id='word_1_355' title='bbox 1306 1962 1443 1993; x_wconf 82' lang='lat' dir='ltr'>fuerant.</span> <span class='ocrx_word' id='word_1_356' title='bbox 1466 1962 1536 2002; x_wconf 86' lang='lat' dir='ltr'>Ipsa</span> <span class='ocrx_word' id='word_1_357' title='bbox 1557 1962 1640 1993; x_wconf 90' lang='lat' dir='ltr'>enim</span> <span class='ocrx_word' id='word_1_358' title='bbox 1661 1962 1694 1992; x_wconf 88' lang='lat' dir='ltr'>in</span> <span class='ocrx_word' id='word_1_359' title='bbox 1715 1972 1748 1993; x_wconf 88' lang='lat' dir='ltr'>se</span> 
     </span>
     <span class='ocr_line' id='line_1_33' title="bbox 235 2017 1747 2060; baseline 0.001 -11"><span class='ocrx_word' id='word_1_360' title='bbox 235 2021 397 2049; x_wconf 85' lang='lat' dir='ltr'>auctorem</span> <span class='ocrx_word' id='word_1_361' title='bbox 416 2018 552 2058; x_wconf 84' lang='lat' dir='ltr'>injuriae</span> <span class='ocrx_word' id='word_1_362' title='bbox 573 2018 726 2049; x_wconf 89' lang='lat' dir='ltr'>ultionem</span> <span class='ocrx_word' id='word_1_363' title='bbox 748 2017 942 2049; x_wconf 79' lang='lat' dir='ltr'>moderatam</span> <span class='ocrx_word' id='word_1_364' title='bbox 964 2022 1135 2051; x_wconf 85' lang='lat' dir='ltr'>sumerent.</span> <span class='ocrx_word' id='word_1_365' title='bbox 1157 2019 1269 2060; x_wconf 85' lang='lat' dir='ltr'>Itaque</span> <span class='ocrx_word' id='word_1_366' title='bbox 1290 2020 1398 2051; x_wconf 85' lang='lat' dir='ltr'>mollia</span> <span class='ocrx_word' id='word_1_367' title='bbox 1414 2019 1588 2056; x_wconf 83' lang='lat' dir='ltr'>comedens,</span> <span class='ocrx_word' id='word_1_368' title='bbox 1610 2019 1692 2050; x_wconf 87' lang='lat' dir='ltr'>dura</span> <span class='ocrx_word' id='word_1_369' title='bbox 1713 2020 1747 2050; x_wconf 90' lang='lat' dir='ltr'>in</span> 
     </span>
     <span class='ocr_line' id='line_1_34' title="bbox 236 2075 1748 2117; baseline 0.001 -11"><span class='ocrx_word' id='word_1_370' title='bbox 236 2075 345 2106; x_wconf 87' lang='lat' dir='ltr'>rustici</span> <span class='ocrx_word' id='word_1_371' title='bbox 359 2078 456 2116; x_wconf 88' lang='lat' dir='ltr'>caput</span> <span class='ocrx_word' id='word_1_372' title='bbox 471 2076 491 2092; x_wconf 90' lang='lat'>¹⁷</span> <span class='ocrx_word' id='word_1_373' title='bbox 509 2075 724 2115; x_wconf 77' lang='lat' dir='ltr'>jaculabatur,</span> <span class='ocrx_word' id='word_1_374' title='bbox 743 2079 778 2106; x_wconf 86' lang='lat' dir='ltr'>ut</span> <span class='ocrx_word' id='word_1_375' title='bbox 791 2076 813 2107; x_wconf 88' lang='lat' dir='ltr'>ii</span> <span class='ocrx_word' id='word_1_376' title='bbox 829 2076 851 2093; x_wconf 70' lang='lat'>¹⁸</span> <span class='ocrx_word' id='word_1_377' title='bbox 872 2077 926 2116; x_wconf 92' lang='lat' dir='ltr'>qui</span> <span class='ocrx_word' id='word_1_378' title='bbox 941 2086 1046 2114; x_wconf 85' lang='lat' dir='ltr'>manu,</span> <span class='ocrx_word' id='word_1_379' title='bbox 1070 2077 1178 2114; x_wconf 82' lang='lat' dir='ltr'>funda,</span> <span class='ocrx_word' id='word_1_380' title='bbox 1195 2080 1253 2108; x_wconf 89' lang='lat' dir='ltr'>aut</span> <span class='ocrx_word' id='word_1_381' title='bbox 1266 2077 1328 2108; x_wconf 81' lang='lat' dir='ltr'>alio</span> <span class='ocrx_word' id='word_1_382' title='bbox 1344 2078 1493 2109; x_wconf 88' lang='lat' dir='ltr'>tormenti</span> <span class='ocrx_word' id='word_1_383' title='bbox 1507 2087 1630 2117; x_wconf 88' lang='lat' dir='ltr'>genere,</span> <span class='ocrx_word' id='word_1_384' title='bbox 1641 2077 1748 2117; x_wconf 87' lang='lat' dir='ltr'>jactus</span> 
     </span>
    </p>
   </div>
   <div class='ocr_carea' id='block_1_3' title="bbox 231 2238 1753 2668">
    <p class='ocr_par' dir='ltr' id='par_1_4' title="bbox 245 2238 1579 2275">
     <span class='ocr_line' id='line_1_35' title="bbox 245 2238 1579 2275; baseline 0.002 -9"><span class='ocrx_word' id='word_1_385' title='bbox 245 2241 252 2256; x_wconf 89' lang='lat'>¹</span> <span class='ocrx_word' id='word_1_386' title='bbox 274 2238 342 2267; x_wconf 75' lang='lat' dir='ltr'>Reff.</span> <span class='ocrx_word' id='word_1_387' title='bbox 361 2239 407 2267; x_wconf 75' lang='grc' dir='ltr'>ΒΓ.</span> <span class='ocrx_word' id='word_1_388' title='bbox 428 2240 471 2267; x_wconf 67' lang='lat' dir='ltr'>uti</span> <span class='ocrx_word' id='word_1_389' title='bbox 488 2248 593 2272; x_wconf 66' lang='lat' dir='ltr'>casus,-</span> <span class='ocrx_word' id='word_1_390' title='bbox 612 2239 672 2266; x_wconf 83' lang='lat' dir='ltr'>PM.</span> <span class='ocrx_word' id='word_1_391' title='bbox 694 2241 739 2272; x_wconf 60' lang='lat' dir='ltr'>m,-</span> <span class='ocrx_word' id='word_1_392' title='bbox 761 2239 813 2267; x_wconf 82' lang='lat' dir='ltr'>PP.</span> <span class='ocrx_word' id='word_1_393' title='bbox 834 2240 863 2266; x_wconf 76' lang='lat' dir='ltr'>in</span> <span class='ocrx_word' id='word_1_394' title='bbox 1009 2242 1028 2258; x_wconf 82' lang='lat'>¹¹</span> <span class='ocrx_word' id='word_1_395' title='bbox 1050 2241 1103 2268; x_wconf 81' lang='lat' dir='ltr'>PP.</span> <span class='ocrx_word' id='word_1_396' title='bbox 1123 2242 1249 2275; x_wconf 67' lang='lat' dir='ltr'>ficulwcs</span> <span class='ocrx_word' id='word_1_397' title='bbox 1576 2260 1579 2264; x_wconf 88' lang='lat'><em>-</em></span> 
     </span>
    </p>

    <p class='ocr_par' dir='ltr' id='par_1_5' title="bbox 245 2283 1753 2364">
     <span class='ocr_line' id='line_1_36' title="bbox 245 2283 1753 2320; baseline 0.002 -10"><span class='ocrx_word' id='word_1_398' title='bbox 245 2286 256 2301; x_wconf 80' lang='lat'>2</span> <span class='ocrx_word' id='word_1_399' title='bbox 276 2284 450 2318; x_wconf 71' lang='lat' dir='ltr'>individuus,</span> <span class='ocrx_word' id='word_1_400' title='bbox 470 2283 637 2311; x_wconf 83' lang='lat' dir='ltr'>indivisibile</span> <span class='ocrx_word' id='word_1_401' title='bbox 1012 2287 1032 2302; x_wconf 65' lang='lat'>1‘2</span> <span class='ocrx_word' id='word_1_402' title='bbox 1053 2286 1097 2313; x_wconf 69' lang='grc' dir='ltr'>ΒΥ.</span> <span class='ocrx_word' id='word_1_403' title='bbox 1109 2285 1168 2313; x_wconf 81' lang='grc' dir='ltr'>ΡΜ.</span> <span class='ocrx_word' id='word_1_404' title='bbox 1188 2286 1318 2313; x_wconf 64' lang='lat' dir='ltr'>stmlebat</span> <span class='ocrx_word' id='word_1_405' title='bbox 1331 2286 1509 2320; x_wconf 69' lang='lat' dir='ltr'>praevenire.</span> <span class='ocrx_word' id='word_1_406' title='bbox 1533 2285 1686 2315; x_wconf 68' lang='lat' dir='ltr'>Caeterum</span> <span class='ocrx_word' id='word_1_407' title='bbox 1704 2294 1753 2314; x_wconf 77' lang='lat' dir='ltr'>cu—</span> 
     </span>
     <span class='ocr_line' id='line_1_37' title="bbox 245 2327 1679 2364; baseline 0.003 -10"><span class='ocrx_word' id='word_1_408' title='bbox 245 2328 255 2344; x_wconf 73' lang='lat'>3</span> <span class='ocrx_word' id='word_1_409' title='bbox 275 2327 329 2354; x_wconf 84' lang='lat' dir='ltr'>PP.</span> <span class='ocrx_word' id='word_1_410' title='bbox 348 2328 445 2355; x_wconf 72' lang='lat' dir='ltr'>onmia</span> <span class='ocrx_word' id='word_1_411' title='bbox 461 2329 544 2361; x_wconf 60' lang='lat' dir='ltr'>[festu</span> <span class='ocrx_word' id='word_1_412' title='bbox 1037 2330 1130 2364; x_wconf 72' lang='lat' dir='ltr'>piens.</span> <span class='ocrx_word' id='word_1_413' title='bbox 1151 2330 1205 2357; x_wconf 78' lang='lat' dir='ltr'>rP.</span> <span class='ocrx_word' id='word_1_414' title='bbox 1225 2330 1355 2358; x_wconf 67' lang='lat' dir='ltr'>studebat</span> <span class='ocrx_word' id='word_1_415' title='bbox 1366 2329 1538 2364; x_wconf 68' lang='lat' dir='ltr'>praevenire</span> <span class='ocrx_word' id='word_1_416' title='bbox 1555 2330 1679 2358; x_wconf 80' lang='lat' dir='ltr'>caeteros</span> 
     </span>
    </p>

    <p class='ocr_par' dir='ltr' id='par_1_6' title="bbox 243 2371 1638 2409">
     <span class='ocr_line' id='line_1_38' title="bbox 243 2371 1638 2409; baseline 0.003 -11"><span class='ocrx_word' id='word_1_417' title='bbox 243 2371 254 2389; x_wconf 70' lang='lat'>³¹</span> <span class='ocrx_word' id='word_1_418' title='bbox 274 2371 334 2400; x_wconf 77' lang='lat' dir='ltr'>PM.</span> <span class='ocrx_word' id='word_1_419' title='bbox 347 2371 530 2406; x_wconf 70' lang='lat' dir='ltr'>praescripta</span> <span class='ocrx_word' id='word_1_420' title='bbox 1011 2374 1031 2391; x_wconf 74' lang='lat'>¹³³</span> <span class='ocrx_word' id='word_1_421' title='bbox 1053 2373 1111 2401; x_wconf 80' lang='lat' dir='ltr'>PM.</span> <span class='ocrx_word' id='word_1_422' title='bbox 1119 2375 1342 2409; x_wconf 60' lang='lat' dir='ltr'>procinctuum-c</span> <span class='ocrx_word' id='word_1_423' title='bbox 1636 2396 1638 2398; x_wconf 79' lang='lat'>.</span> 
     </span>
    </p>

    <p class='ocr_par' dir='ltr' id='par_1_7' title="bbox 240 2415 1750 2490">
     <span class='ocr_line' id='line_1_39' title="bbox 241 2415 1750 2454; baseline 0.003 -11"><span class='ocrx_word' id='word_1_424' title='bbox 241 2417 252 2433; x_wconf 81' lang='lat'>⁵</span> <span class='ocrx_word' id='word_1_425' title='bbox 270 2415 323 2443; x_wconf 87' lang='lat' dir='ltr'>Nei</span> <span class='ocrx_word' id='word_1_426' title='bbox 342 2415 429 2444; x_wconf 80' lang='lat' dir='ltr'>codici</span> <span class='ocrx_word' id='word_1_427' title='bbox 446 2417 558 2444; x_wconf 71' lang='lat' dir='ltr'>cariore</span> <span class='ocrx_word' id='word_1_428' title='bbox 574 2417 685 2451; x_wconf 70' lang='lat' dir='ltr'>praetio</span> <span class='ocrx_word' id='word_1_429' title='bbox 1009 2418 1029 2436; x_wconf 70' lang='lat'>¹¹</span> <span class='ocrx_word' id='word_1_430' title='bbox 1050 2418 1117 2446; x_wconf 82' lang='lat' dir='ltr'>Reff.</span> <span class='ocrx_word' id='word_1_431' title='bbox 1138 2418 1246 2452; x_wconf 68' lang='lat' dir='ltr'>detulit,</span> <span class='ocrx_word' id='word_1_432' title='bbox 1265 2420 1297 2445; x_wconf 72' lang='lat' dir='ltr'>ut</span> <span class='ocrx_word' id='word_1_433' title='bbox 1317 2427 1453 2454; x_wconf 66' lang='lat' dir='ltr'>mammam</span> <span class='ocrx_word' id='word_1_434' title='bbox 1471 2427 1519 2452; x_wconf 83' lang='lat' dir='ltr'>se,·</span> <span class='ocrx_word' id='word_1_435' title='bbox 1548 2418 1589 2454; x_wconf 82' lang='lat' dir='ltr'>gli</span> <span class='ocrx_word' id='word_1_436' title='bbox 1608 2419 1675 2447; x_wconf 86' lang='lat' dir='ltr'>altri</span> <span class='ocrx_word' id='word_1_437' title='bbox 1693 2426 1750 2447; x_wconf 91' lang='lat' dir='ltr'>om-</span> 
     </span>
     <span class='ocr_line' id='line_1_40' title="bbox 240 2459 1217 2490; baseline 0.004 -4"><span class='ocrx_word' id='word_1_438' title='bbox 240 2461 251 2476; x_wconf 63' lang='lat'><strong><em>⁶</em></strong></span> <span class='ocrx_word' id='word_1_439' title='bbox 270 2459 325 2487; x_wconf 85' lang='lat' dir='ltr'>PP.</span> <span class='ocrx_word' id='word_1_440' title='bbox 344 2459 441 2487; x_wconf 63' lang='lat' dir='ltr'>viliori</span> <span class='ocrx_word' id='word_1_441' title='bbox 1043 2463 1165 2490; x_wconf 83' lang='lat' dir='ltr'>mettono</span> <span class='ocrx_word' id='word_1_442' title='bbox 1184 2464 1217 2490; x_wconf 76' lang='lat' dir='ltr'>ut</span> 
     </span>
    </p>

    <p class='ocr_par' dir='ltr' id='par_1_8' title="bbox 242 2504 1680 2542">
     <span class='ocr_line' id='line_1_41' title="bbox 242 2504 1680 2542; baseline 0.002 -11"><span class='ocrx_word' id='word_1_443' title='bbox 242 2504 252 2522; x_wconf 91' lang='lat'>⁷</span> <span class='ocrx_word' id='word_1_444' title='bbox 271 2504 338 2532; x_wconf 77' lang='lat' dir='ltr'>Reff.</span> <span class='ocrx_word' id='word_1_445' title='bbox 358 2505 407 2540; x_wconf 66' lang='lat' dir='ltr'>qai</span> <span class='ocrx_word' id='word_1_446' title='bbox 425 2505 540 2540; x_wconf 66' lang='lat' dir='ltr'>quidem</span> <span class='ocrx_word' id='word_1_447' title='bbox 551 2505 688 2541; x_wconf 66' lang='lat' dir='ltr'>plurium</span> <span class='ocrx_word' id='word_1_448' title='bbox 1009 2507 1030 2524; x_wconf 60' lang='lat' dir='ltr'>&#39;f‘</span> <span class='ocrx_word' id='word_1_449' title='bbox 1050 2507 1095 2534; x_wconf 68' lang='grc' dir='ltr'>ΒΓ.</span> <span class='ocrx_word' id='word_1_450' title='bbox 1116 2506 1176 2534; x_wconf 87' lang='grc' dir='ltr'>ΡΜ.</span> <span class='ocrx_word' id='word_1_451' title='bbox 1196 2507 1272 2535; x_wconf 72' lang='lat' dir='ltr'>inter</span> <span class='ocrx_word' id='word_1_452' title='bbox 1289 2515 1337 2542; x_wconf 86' lang='lat' dir='ltr'>per</span> <span class='ocrx_word' id='word_1_453' title='bbox 1355 2507 1474 2541; x_wconf 47' lang='lat' dir='ltr'>viden&amp;</span> <span class='ocrx_word' id='word_1_454' title='bbox 1495 2507 1550 2535; x_wconf 86' lang='lat' dir='ltr'>PP.</span> <span class='ocrx_word' id='word_1_455' title='bbox 1569 2508 1680 2536; x_wconf 85' lang='lat' dir='ltr'>omette.</span> 
     </span>
    </p>

    <p class='ocr_par' dir='ltr' id='par_1_9' title="bbox 243 2548 1328 2583">
     <span class='ocr_line' id='line_1_42' title="bbox 243 2548 1328 2583; baseline 0.003 -7"><span class='ocrx_word' id='word_1_456' title='bbox 243 2550 254 2565; x_wconf 70' lang='lat'><strong>⁸</strong></span> <span class='ocrx_word' id='word_1_457' title='bbox 273 2548 340 2577; x_wconf 79' lang='lat' dir='ltr'>Reff.</span> <span class='ocrx_word' id='word_1_458' title='bbox 360 2549 484 2577; x_wconf 72' lang='lat' dir='ltr'>ulterius</span> <span class='ocrx_word' id='word_1_459' title='bbox 502 2557 550 2583; x_wconf 90' lang='lat' dir='ltr'>per</span> <span class='ocrx_word' id='word_1_460' title='bbox 569 2549 608 2578; x_wconf 74' lang='lat' dir='ltr'>ub</span> <span class='ocrx_word' id='word_1_461' title='bbox 621 2549 664 2577; x_wconf 63' lang='lat' dir='ltr'>vis</span> <span class='ocrx_word' id='word_1_462' title='bbox 949 2576 951 2578; x_wconf 82' lang='grc'>.</span> <span class='ocrx_word' id='word_1_463' title='bbox 980 2565 984 2568; x_wconf 61' lang='lat'>&gt;</span> <span class='ocrx_word' id='word_1_464' title='bbox 1013 2552 1033 2567; x_wconf 69' lang='lat'>¹⁶</span> <span class='ocrx_word' id='word_1_465' title='bbox 1052 2550 1107 2578; x_wconf 89' lang='lat' dir='ltr'>PP.</span> <span class='ocrx_word' id='word_1_466' title='bbox 1126 2551 1328 2579; x_wconf 64' lang='lat' dir='ltr'>incanam-atas</span> 
     </span>
    </p>

    <p class='ocr_par' dir='ltr' id='par_1_10' title="bbox 242 2593 1340 2630">
     <span class='ocr_line' id='line_1_43' title="bbox 242 2593 1340 2630; baseline 0.004 -10"><span class='ocrx_word' id='word_1_467' title='bbox 242 2593 254 2611; x_wconf 79' lang='lat'><strong>9</strong></span> <span class='ocrx_word' id='word_1_468' title='bbox 273 2593 326 2622; x_wconf 85' lang='lat' dir='ltr'>PP.</span> <span class='ocrx_word' id='word_1_469' title='bbox 346 2601 435 2621; x_wconf 70' lang='lat' dir='ltr'>manzo</span> <span class='ocrx_word' id='word_1_470' title='bbox 1012 2594 1033 2612; x_wconf 68' lang='lat'>³7</span> <span class='ocrx_word' id='word_1_471' title='bbox 1053 2594 1099 2622; x_wconf 71' lang='grc' dir='ltr'>ΒΓ.</span> <span class='ocrx_word' id='word_1_472' title='bbox 1117 2603 1130 2622; x_wconf 92' lang='lat' dir='ltr'>e</span> <span class='ocrx_word' id='word_1_473' title='bbox 1152 2595 1208 2623; x_wconf 87' lang='lat' dir='ltr'>PP.</span> <span class='ocrx_word' id='word_1_474' title='bbox 1225 2595 1340 2630; x_wconf 70' lang='lat' dir='ltr'>capillis</span> 
     </span>
    </p>

    <p class='ocr_par' dir='ltr' id='par_1_11' title="bbox 231 2637 1263 2668">
     <span class='ocr_line' id='line_1_44' title="bbox 231 2637 1263 2668; baseline 0.005 -5"><span class='ocrx_word' id='word_1_475' title='bbox 231 2638 254 2656; x_wconf 81' lang='lat'>¹0</span> <span class='ocrx_word' id='word_1_476' title='bbox 273 2637 326 2664; x_wconf 83' lang='lat' dir='ltr'>PP.</span> <span class='ocrx_word' id='word_1_477' title='bbox 346 2638 493 2667; x_wconf 73' lang='lat' dir='ltr'>dominum</span> <span class='ocrx_word' id='word_1_478' title='bbox 1014 2639 1036 2657; x_wconf 80' lang='lat'>¹8</span> <span class='ocrx_word' id='word_1_479' title='bbox 1054 2638 1107 2666; x_wconf 83' lang='lat' dir='ltr'>Nei</span> <span class='ocrx_word' id='word_1_480' title='bbox 1127 2639 1214 2668; x_wconf 87' lang='lat' dir='ltr'>codici</span> <span class='ocrx_word' id='word_1_481' title='bbox 1232 2640 1263 2668; x_wconf 81' lang='grc' dir='ltr'>1ιί</span> 
     </span>
    </p>
   </div>
   <div class='ocr_carea' id='block_1_4' title="bbox 1822 0 1845 1891">
    <p class='ocr_par' dir='ltr' id='par_1_12' title="bbox 1822 0 1845 1891">
     <span class='ocr_line' id='line_1_45' title="bbox 1822 0 1845 1891; baseline 0 0"><span class='ocrx_word' id='word_1_482' title='bbox 1822 0 1845 1891; x_wconf 95' lang='lat' dir='ltr'> </span> 
     </span>
    </p>
   </div>
   <div class='ocr_carea' id='block_1_5' title="bbox 1831 2248 1845 2325">
    <p class='ocr_par' dir='ltr' id='par_1_13' title="bbox 1830 2202 1845 2325">
     <span class='ocr_line' id='line_1_46' title="bbox 1831 2248 1845 2325; baseline 0 0"><span class='ocrx_word' id='word_1_483' title='bbox 1831 2248 1845 2325; x_wconf 63' lang='lat'>³</span> 
     </span>
    </p>
   </div>
  </div>
 </body>
</html>
