1845 3076
727 185 865 209 musrons
1498 176 1556 206 155

46 273 160 310 risisse,
179 281 242 303 non
263 271 430 302 admodum
451 270 590 301 admiror
611 270 694 310 (fieri
716 270 798 301 enim
820 280 877 310 per
889 271 1040 301 virtutem
1061 269 1091 300 id
1107 269 1173 300 sine
1194 269 1335 309 passione
1357 269 1557 308 poterat),—

45 329 126 362 illud
147 329 245 369 magis
259 328 300 360 ab
321 327 390 359 aliis
403 327 442 359 de
458 327 565 358 eodem
586 327 750 364 traditum,
770 327 887 358 scilicet
908 327 1003 358 semel
1019 337 1090 358 eum
1111 327 1143 357 in
1157 326 1240 357 omni
1260 326 1324 356 vita
1347 325 1457 357 risisse.
1474 324 1557 356 Nam

45 397 195 427 magnum
214 385 335 426 aliquid
357 395 425 416 esse
446 385 594 424 oportuit,
618 384 657 415 de
673 395 734 424 quo
755 387 861 415 tamen
882 384 960 414 nihil
981 384 1065 423 apud
1080 393 1135 414 nos
1155 386 1285 420 constat,
1307 383 1389 423 quod
1412 383 1440 414 ei
1461 384 1559 414 risum

44 447 121 476 tunc
147 443 284 475 extorsit.
313 441 373 474 Sed
398 442 439 473 ad
464 441 534 473 illos
560 442 736 481 superiores
760 442 864 479 redeo,
892 451 1025 482 quorum
1051 441 1133 472 vitae
1159 440 1280 472 abitum
1305 444 1372 472 tam
1398 440 1555 472 diversum

45 501 180 541 probare
195 510 258 532 non
273 509 408 540 possum,
423 499 482 529 nisi
503 498 586 539 quod
601 508 639 530 ex
653 498 764 529 eadem
780 498 876 530 ferme
890 508 985 529 causa
1006 498 1098 529 fuisse
1113 498 1159 529 ita
1171 498 1240 529 illos
1255 498 1392 529 adfectos
1408 498 1557 535 arbitror,

47 557 131 598 quod
151 557 270 589 scilicet
290 566 339 588 res
361 556 404 587 eis
426 555 583 587 humanae
604 565 710 587 omnes
732 565 831 587 vanae
852 555 1035 586 viderentur
1061 557 1156 595 atque
1183 555 1275 586 ideo¹
1304 555 1455 593 miserae;
1482 565 1557 586 nam

44 614 167 646 vanitas
186 615 254 654 ipsa
275 613 400 645 miseria
427 623 485 653 per
504 623 536 644 se
558 615 612 650 est,
634 616 666 644 et
685 612 718 643 in
740 623 776 644 ea
797 612 922 643 miseria
942 615 977 643 ut
1005 612 1177 643 audeamus
1192 613 1202 628 ²
1229 622 1417 652 magnopere
1444 612 1493 643 vel
1515 612 1556 643 ab

45 671 114 704 aliis
141 681 268 712 sperare
290 670 338 702 vel
364 670 527 710 superbire
552 670 591 701 de
611 670 709 706 nobis,
733 670 842 709 ingens
871 673 917 700 est
945 669 1075 700 vanitas.
1104 669 1215 709 ltaque
1240 669 1371 700 istarum
1386 670 1397 686 ³
1422 669 1557 700 alteram

43 728 98 760 ille
118 728 250 765 ridebat,
280 727 435 767 reliquam
457 727 539 758 alter
566 726 760 766 deplorabat.
790 725 880 763 Nam,
908 736 964 766 per
987 726 1087 757 Deum
1108 726 1328 762 immortalem,
1355 727 1430 766 quid
1451 730 1497 757 est
1525 726 1559 756 in

46 786 140 817 rebus
154 785 299 816 humanis
320 795 467 824 magnum
481 787 538 815 aut
553 784 782 815 existimatione
804 783 943 823 (lignum,
957 793 993 815 ac
1007 794 1068 814 non
1083 784 1185 823 potius
1199 784 1303 813 omnia
1321 784 1408 822 jocus
1422 783 1554 815 ludusve

45 843 182 884 puerilis,
211 843 315 874 omnia
345 842 439 882 plena
470 841 622 872 miseriis?
653 840 736 880 Quot
756 841 896 872 videmus
917 841 975 872 hac
997 844 1100 872 aetate
1122 844 1234 880 (tuque
1255 851 1312 880 per
1333 840 1477 880 amplius,
1499 841 1553 880 qui

44 900 259 940 superiorem⁴
286 899 458 930 multorum
486 902 649 935 annorum,
677 898 792 938 quibus
820 898 932 935 vixisti,
961 899 1142 929 memoriam
1165 899 1277 936 tenes),
1299 900 1385 937 quot,
1415 898 1554 937 inquam,

45 957 186 989 videmus
201 967 298 996 regna
311 956 466 993 florentia,
477 959 553 996 quot
566 956 686 995 amplas
702 956 805 993 urbes,
818 959 894 996 quot
909 956 1045 986 illustres
1060 955 1204 992 familias,
1217 960 1293 995 quot
1307 955 1558 995 opulentissimas

43 1013 149 1046 domos
169 1014 310 1045 funditus
338 1023 470 1050 everSaS,
494 1014 554 1044 ut⁵
580 1013 773 1053 singulorum
795 1013 955 1043 hominurn
977 1023 1076 1049 casus,
1107 1013 1161 1052 qui
1187 1013 1365 1043 enumerari
1393 1015 1555 1052 nequeunt

42 1070 300 1112 praetereamus?
320 1070 378 1101 Hic
398 1071 501 1107 eadit;
523 1070 576 1101 ille
598 1070 740 1101 tollitur:
758 1089 796 1092 —
812 1081 902 1107 1111118,
924 1071 1066 1101 maximis
1088 1070 1260 1101 virtutibus
1280 1070 1450 1110 praeditus,
1469 1071 1559 1110 jacet

47 1128 206 1169 abjectus;
237 1127 330 1164 alter,
362 1128 429 1158 sine
457 1127 529 1158 ullis
556 1128 644 1158 bonis
672 1128 800 1164 meritis,
828 1127 914 1158 inani
943 1131 1048 1158 tamen
1077 1128 1209 1158 nominis
1234 1127 1339 1158 favore
1361 1128 1372 1143 ⁶
1410 1126 1558 1158 suffultus

46 1185 232 1222 evehitur⁷;
254 1204 291 1207 —
312 1185 362 1216 hic
391 1188 496 1216 aetate
524 1185 653 1215 robusta
682 1188 713 1216 et
734 1184 923 1216 valetudine.
952 1188 987 1215 ut
1008 1185 1140 1222 videtur,
1162 1184 1294 1224 integra,
1325 1184 1428 1216 subito
1451 1185 1559 1216 morbo

45 1246 209 1283 correptus
231 1243 446 1283 extinguitur;
466 1243 529 1280 ille,
551 1243 626 1273 dum
640 1242 741 1274 laetas
762 1243 897 1282 possidet
918 1252 1000 1282 opes,
1020 1245 1050 1273 et
1072 1242 1282 1282 quaerendis⁸
1301 1242 1428 1273 sedulus
1448 1243 1561 1280 inhiat,

43 1299 220 1340 naufragio,
242 1300 425 1340 captivitate
446 1299 496 1330 vel
517 1300 718 1330 damnatione
740 1300 777 1331 fit
797 1300 1020 1339 pauperi111us;
1042 1318 1080 1321 —
1101 1300 1209 1339 itaque
1231 1300 1281 1330 cui
1302 1302 1386 1330 totus
1414 1300 1559 1337 mundus,

45 1357 129 1388 inter
148 1367 217 1397 spes
239 1360 270 1388 et
291 1357 455 1394 desideria,
485 1367 546 1388 non
569 1359 638 1388 erat
656 1357 742 1394 satis,
764 1357 804 1388 ad
827 1357 971 1396 exiguam
993 1360 1106 1388 sortem
1137 1357 1283 1388 redactus
1311 1357 1506 1396 ingemiscit:
1528 1360 1560 1388 et

46 1414 96 1445 eui
116 1415 214 1445 omnis
227 1417 404 1454 temporum
425 1415 597 1445 aeternitas
612 1414 651 1445 ad
667 1414 832 1445 vivendum
854 1414 1020 1445 videbatur
1039 1413 1217 1451 suffectura,
1233 1414 1284 1445 hic
1297 1414 1432 1446 succissa
1452 1414 1558 1445 radice

47 1471 180 1503 acerbus
196 1471 289 1512 jacet.
314 1470 393 1509 Quid
409 1471 505 1511 igitur
526 1472 559 1501 in
574 1471 622 1502 his
635 1472 729 1502 rebus
750 1471 835 1502 aliud
857 1482 951 1511 quain
971 1471 1139 1502 infelicitas
1154 1481 1219 1502 esse
1234 1474 1290 1502 aut
1310 1471 1408 1502 videri
1429 1472 1554 1511 potest?

50 1528 81 1560 Si
102 1528 185 1559 enim
205 1539 317 1568 parum
338 1531 384 1558 est
404 1528 488 1568 quod
507 1529 709 1568 possidemus,
730 1539 821 1559 nemo
841 1539 896 1559 nos
917 1529 1044 1559 miseros
1064 1528 1190 1560 dubitat
1210 1539 1327 1565 eorum,
1351 1529 1405 1568 qui
1426 1540 1559 1569 pauper-

48 1588 148 1617 tatem
167 1591 288 1626 ponunt
307 1586 391 1617 inter
411 1590 553 1617 extrema
572 1585 743 1623 malorumg
758 1605 797 1609 —
810 1586 835 1616 si
856 1585 1000 1623 multum,
1021 1586 1071 1617 vix
1086 1586 1132 1623 fit,
1146 1596 1194 1620 ne,
1215 1586 1264 1617 vel
1279 1589 1365 1617 metu
1387 1587 1561 1618 amissionis

49 1643 100 1674 vel
119 1643 223 1674 studio
243 1643 448 1675 immoderato
469 1643 650 1684 quaerendi,
672 1643 776 1675 miseri
799 1654 871 1675 vere
896 1644 1010 1680 simus;
1032 1662 1070 1665 —
1092 1644 1141 1675 sin
1162 1644 1225 1680 diu,
1247 1644 1338 1675 modo
1351 1644 1362 1660 ‘³
1389 1644 1473 1684 quod
1494 1644 1560 1676 illis

47 1700 234 1741 plerumque
257 1701 441 1741 superstites
460 1711 576 1739 summ,
598 1701 652 1742 qui
673 1701 762 1732 nobis
782 1711 847 1732 esse
868 1701 1056 1738 debuerunt,
1078 1704 1114 1731 ut
1134 1701 1193 1732 tibi
1213 1711 1297 1732 nunc
1317 1701 1430 1739 evenit,
1448 1702 1561 1734 amisso

47 1758 165 1799 optimo
184 1769 222 1790 ac
248 1759 516 1798 praestantissimo
537 1758 611 1797 filio,
638 1769 701 1790 non
729 1759 857 1799 quidem
886 1762 922 1789 ut
943 1759 983 1789 sis
1003 1761 1171 1798 propterea
1196 1759 1298 1796 miser,
1327 1759 1381 1798 qui
1408 1759 1562 1790 bonorum

47 1818 175 1847 tuorum
194 1816 350 1848 rationem
365 1817 398 1848 in
413 1817 541 1849 meliore
552 1827 659 1848 rerum
674 1820 764 1858 parte
786 1817 954 1854 collocasti,
974 1816 1028 1848 sed
1044 1819 1080 1847 ut
1092 1816 1191 1848 videri
1203 1818 1309 1856 possis,
1325 1821 1419 1849 tanta
1432 1821 1562 1858 accepta

52 1873 243 1911 calamitate,
265 1884 347 1914 quae
367 1873 392 1904 si
407 1875 513 1905 amicis
533 1875 635 1915 gravis
649 1878 697 1905 est
719 1877 750 1905 et
769 1874 974 1911 incommoda,
990 1874 1015 1904 si
1030 1874 1152 1913 patriae
1173 1874 1344 1914 plurimum
1365 1875 1563 1915 dispendiosa

51 1930 97 1971 (id
119 1931 202 1961 enim
217 1941 255 1962 ex
267 1931 445 1962 concivibus
459 1932 522 1963 tuis
537 1932 656 1963 venetis
677 1931 796 1971 audio),
810 1942 872 1972 qua
887 1931 1015 1962 tandem
1037 1932 1159 1963 ratione
1180 1942 1292 1971 parum
1314 1932 1524 1964 existimanda
1535 1933 1557 1950 ¹⁰

50 1990 104 2019 est.
126 1987 244 2019 Verum
265 1989 336 2025 scio,
357 1989 416 2020 tibi
437 1989 494 2020 hoc
515 1999 578 2020 non
598 1988 792 2029 imprudenti
820 1989 976 2028 accidisse,
996 1988 1051 2019 sed
1072 1988 1227 2029 quidquid
1255 1989 1379 2020 evenire
1399 1992 1462 2020 tam
1489 2000 1564 2021 cara

49 2045 82 2076 in
96 2055 131 2076 re
144 2048 279 2086 poterat,
300 2045 387 2076 velut
407 2046 532 2077 omnino
553 2049 738 2077 eventurum
751 2047 771 2063 ¹¹
793 2045 982 2086 praevidisse
996 2046 1027 2076 ¹².
1050 2046 1160 2085 Itaque
1175 2056 1269 2086 saepe
1289 2046 1328 2077 de
1343 2046 1390 2077 his
1410 2047 1559 2087 cogitans,

50 2105 82 2134 et
101 2102 135 2133 in
155 2102 210 2134 hos
230 2105 361 2134 eventus
381 2106 413 2134 te
433 2103 536 2143 ipsum
557 2113 692 2142 armans,
714 2106 924 2144 consequutus
946 2113 988 2141 es,
1011 2106 1047 2134 ut
1067 2113 1170 2143 posses
1190 2104 1264 2134 talis
1284 2103 1342 2134 filii
1362 2104 1483 2136 obitum
1502 2115 1564 2136 mo-

50 2159 138 2191 deste
159 2160 240 2191 ferre
261 2170 298 2190 ac
318 2170 376 2200 per
396 2170 520 2191 omnem
541 2161 637 2192 animi
662 2160 927 2201 tranquillitatem
948 2161 1056 2191 amicis
1075 2160 1276 2192 innotescere.
1299 2161 1335 2191 In
1356 2171 1419 2201 qua
1439 2172 1474 2193 re
1494 2172 1560 2202 ego,

49 2219 87 2248 ut
112 2217 152 2248 de
179 2217 334 2248 communi
361 2220 469 2249 nostra
495 2218 621 2258 jactura
649 2218 748 2255 doleo,
776 2218 822 2249 ita
848 2220 924 2249 tuae
951 2218 1096 2258 propriae
1114 2219 1135 2236 ¹³
1165 2218 1276 2249 virtuti
1303 2219 1504 2259 congratulor
1531 2221 1564 2250 et

49 2277 211 2314 spectatae
232 2275 428 2306 constantiae
449 2275 552 2306 laetus
573 2275 669 2307 faveo.
692 2275 777 2306 Vale.

62 2406 70 2423 ¹
90 2404 145 2434 ΡΡ.
165 2405 234 2434 adeo
836 2408 847 2425 ⁸
867 2406 928 2435 PM.
947 2406 1128 2442 quaerendus

61 2450 73 2468 ²
91 2450 137 2478 ΒΥ.
157 2450 218 2479 PM.
237 2450 376 2479 audemus
835 2452 846 2469 ⁹
864 2450 954 2478 Modo
973 2459 1022 2485 per
1034 2451 1154 2486 put-che,
1175 2450 1232 2479 alla
1251 2450 1412 2480 condizione

60 2495 72 2513 ⁸
89 2494 136 2523 Br.
155 2495 217 2523 PM.
236 2496 358 2523 istorum
824 2496 846 2514 ¹⁰
864 2495 911 2524 ΒΥ.
931 2495 992 2523 ΡΜ.
1011 2495 1194 2523 exstimanda

61 2539 73 2557 ⁴
90 2539 146 2568 ΡΡ.
165 2540 351 2575 superiorum
828 2541 848 2558 ¹¹
868 2539 922 2568 ΡΡ.
942 2541 1109 2568 eventuram-

61 2584 74 2602 ⁵
92 2583 147 2613 ΡΡ.
168 2585 196 2612 et
826 2585 848 2603 ¹²
866 2584 922 2613 ΡΡ.
936 2584 1098 2619 procidisse

62 2629 74 2646 ⁶
92 2628 155 2656 Cosi
173 2628 259 2665 Reff.;
277 2629 319 2664 gli
338 2629 405 2658 altri
425 2629 508 2662 fama
828 2631 849 2647 ¹³
867 2629 923 2657 ΡΡ.
937 2629 1059 2664 proprie

62 2673 74 2690 ⁷
93 2672 147 2701 ΡΡ.
169 2673 302 2702 tuebatur
