1845 3076
229 162 270 193 80
864 168 889 191 P.
910 168 935 190 P.
958 168 1107 191 VERGERIO

229 253 285 294 qui
305 255 412 284 tamen
433 252 531 290 video,
551 254 582 283 te
598 252 606 268 1
627 251 722 283 falsas
743 251 853 282 laudes
867 251 877 268 ²
897 251 937 282 de
957 261 1007 283 me
1028 251 1162 289 sentire;
1184 255 1220 283 tu
1235 251 1320 289 item,
1342 251 1449 282 inani³
1470 252 1606 292 quodam
1627 252 1730 284 famae

229 311 350 351 fulgore
371 309 503 341 allectus
516 309 535 347 ⁴,
568 309 658 340 facile
678 309 724 340 ita
743 309 885 346 extimas,
914 312 945 340 et
973 309 1060 348 prius
1080 319 1186 340 amare
1207 309 1316 349 incipis
1337 319 1432 349 quam
1452 319 1634 349 cognoscas,
1666 320 1732 350 ego,

227 367 394 399 facundiae
415 369 491 398 tuae
511 366 682 398 virtutibus
703 366 868 404 adductus,
890 376 961 397 cum
982 366 1098 397 invitus
1119 376 1229 405 errem,
1250 365 1283 396 in
1304 369 1337 398 te
1355 368 1463 397 tamen
1483 366 1572 398 video
1592 366 1676 406 quod
1696 369 1729 397 et

228 434 337 455 amare
358 424 473 464 possim
493 427 526 455 et
545 423 685 455 laudare.
709 423 917 462 Quamobrem
937 434 1008 454 cum
1028 433 1077 454 me
1104 423 1239 454 amicum
1261 425 1388 463 expetas
1401 424 1422 461 ⁵,
1444 433 1561 463 egoque
1581 423 1640 455 tibi
1666 433 1729 455 non

228 481 344 521 possim
365 481 491 521 qualem
512 480 671 512 desideras
693 483 749 512 aut
770 483 855 512 certe
875 480 1002 520 qualem
1018 479 1141 520 judicas
1161 490 1211 511 me
1232 479 1317 517 dare,
1346 490 1418 511 eum
1437 480 1550 520 ipsum,
1579 480 1634 520 qui
1655 490 1732 517 snm,

227 548 277 569 me
291 537 396 576 offero,
416 548 478 578 quo
493 548 547 578 pro
562 541 617 569 tuo
635 539 707 579 jure
728 547 846 578 proque
859 540 914 569 tuo
927 537 1058 569 arbitrio
1079 537 1224 577 deinceps
1237 537 1347 568 utaris.
1370 536 1459 575 Quod
1472 537 1620 574 studium,
1636 547 1734 578 quum

228 596 313 627 inter
333 605 439 627 omnes
458 599 636 636 suspectum
651 595 702 633 sit,
721 595 804 626 inter
818 595 932 626 amicos
952 597 1037 626 certe
1052 605 1114 625 non
1134 594 1368 626 necessarium?
1389 594 1566 626 Curandum
1591 597 1639 626 est
1652 595 1735 626 enim

228 653 326 690 nobis,
347 663 410 684 non
425 656 462 684 ut
482 653 656 690 laudemur,
678 652 732 684 sed
746 655 782 683 ut
803 652 951 683 laudibus
972 652 1058 693 digni
1077 652 1283 683 inveniamur.
1306 650 1394 690 Quod
1415 662 1487 683 vero
1502 651 1543 683 ad
1563 655 1596 683 te
1610 653 1735 690 attinet,

229 711 334 751 placet
347 710 424 742 mihi
445 710 605 751 ingenium
626 713 727 746 tuum,
750 710 854 749 placet
868 710 967 747 stilus,
987 709 1081 741 laudo
1102 709 1303 749 propositum.
1327 709 1374 740 Tu
1390 711 1534 749 coeptum
1555 719 1594 740 ne
1615 709 1735 747 desere,

230 768 285 800 sed
306 768 401 808 vigila
422 770 454 799 et
474 767 593 804 labora,
623 777 742 807 perque
769 777 875 798 omnes
904 777 1009 798 rerum
1038 767 1196 807 angustias
1223 770 1255 798 et
1276 770 1453 806 temporum
1483 766 1683 798 difficultates
1704 767 1738 797 in

229 825 330 857 altum
347 826 474 858 enitere.
490 825 627 856 Probum
648 827 760 862 virum,
782 824 903 856 etmihi
923 825 986 856 suis
1002 825 1121 855 meritis
1134 834 1253 864 suaque
1275 824 1389 855 eximia
1402 824 1435 854 in
1450 834 1500 855 me
1520 823 1737 855 benevolentia

231 883 390 921 dilectum,
413 883 573 914 dominum
589 883 609 914 J
612 883 743 914 acobuni
757 882 796 913 de
811 882 924 919 Firmo,
943 882 1078 919 imitare,
1100 891 1193 921 quem
1214 881 1302 912 nulla
1322 891 1372 912 res
1391 891 1532 921 unquam
1546 881 1586 913 ab
1601 881 1738 913 honestis

232 940 393 972 laboribus
424 940 584 971 deterrere
606 940 718 980 potuit,
750 940 876 980 quique,
908 950 1004 979 quum
1035 938 1179 979 pluribus
1206 938 1316 969 studiis
1346 941 1516 978 occupatus
1536 939 1585 976 sit,
1617 937 1739 979 singula

229 1008 374 1038 quaeque
389 997 400 1014 ⁶
420 1000 527 1028 tamen
554 1008 591 1028 ea
619 998 787 1037 exequitur
813 997 986 1037 diligentia,
1016 998 1052 1027 ut
1079 996 1127 1027 vel
1157 996 1254 1027 cuivis
1274 995 1355 1027 soli⁷
1382 995 1506 1027 deditus
1534 998 1620 1027 totus
1639 996 1739 1027 videri

232 1055 339 1095 possit.
366 1055 405 1085 Et
426 1055 471 1085 ita
491 1054 538 1085 illi
552 1054 564 1071 ⁸
591 1055 630 1085 de
656 1054 750 1086 rebus
778 1054 930 1091 omnibus,
951 1056 1077 1094 praeter
1099 1063 1194 1093 quam
1221 1053 1259 1083 de
1282 1063 1340 1091 me,
1356 1053 1472 1089 credas⁵
1499 1053 1603 1093 jubeo,
1629 1053 1688 1084 nisi
1709 1056 1742 1084 et

232 1113 298 1152 ipse
319 1121 423 1143 secum
445 1121 551 1142 errare
575 1111 691 1152 cupias.
711 1112 849 1143 Africam
863 1112 873 1128 ⁵³
894 1121 968 1142 sane
990 1111 1167 1148 Petrarcae,
1189 1121 1284 1150 quani
1305 1110 1455 1150 postulas,
1478 1121 1550 1142 cum
1577 1111 1662 1150 apud
1690 1120 1741 1142 me

234 1169 332 1201 otiosa
352 1169 402 1207 sit,
428 1169 484 1200 ubi
505 1169 648 1205 volucria
681 1169 804 1200 habeto.
836 1169 875 1199 Et
895 1169 1022 1208 insuper
1050 1170 1239 1210 epytomata,
1271 1178 1352 1208 quae
1371 1167 1460 1199 libris
1482 1168 1524 1199 eis
1544 1167 1696 1208 inscripsi,
1716 1167 1743 1198 si

234 1227 317 1258 tanti
339 1226 459 1263 feceris,
481 1226 599 1257 habere
620 1226 679 1257 tibi
699 1226 807 1257 licebit
828 1236 899 1257 cum
920 1225 1013 1257 voles.
1034 1226 1080 1256 De
1103 1235 1163 1265 quo
1184 1227 1337 1265 poemate,
1359 1235 1495 1265 quonam
1511 1225 1532 1242 ¹⁰
1555 1225 1618 1256 huc
1637 1234 1737 1265 usque

234 1286 399 1323 provectus
412 1293 490 1320 suni,
506 1283 552 1315 ita
566 1284 666 1315 sentio
681 1293 745 1314 esse
760 1283 913 1323 equidem,
928 1283 1053 1314 tametsi
1067 1282 1168 1313 multa
1181 1282 1351 1314 desiderari
1366 1283 1398 1312 111
1415 1292 1450 1313 eo
1466 1281 1592 1322 possint,
1613 1282 1742 1322 majoris

233 1351 299 1372 rem
320 1340 477 1377 momenti,
503 1350 599 1381 quam
621 1344 658 1372 ut
678 1344 855 1372 nostrorum
877 1340 1038 1371 hominum
1058 1339 1207 1371 invidiam
1228 1340 1341 1371 mereri
1362 1339 1487 1376 debeat,
1509 1340 1541 1370 in
1562 1349 1623 1379 quo
1638 1339 1659 1356 11
1682 1348 1740 1370 nec

234 1398 379 1438 voluptas
399 1398 522 1439 legendi
544 1408 599 1429 nec
621 1397 741 1429 fructus
762 1398 841 1429 desit
863 1397 1012 1428 lectionis,
1035 1396 1121 1428 Vale.

951 1674 1028 1705 LIX.

907 1766 935 1797 S.
958 1766 985 1797 d.
1009 1777 1033 1798 e.
1055 1767 1074 1797 1.

607 1843 672 1878 (Br.
685 1852 716 1878 p.
736 1843 776 1870 68
790 1844 827 1876 ἠ,-
846 1858 882 1863 —
901 1842 970 1870 PM.
991 1851 1013 1870 c.
1033 1842 1110 1875 133;
1130 1859 1164 1862 —
1185 1842 1247 1870 PP.
1267 1851 1295 1870 οι.
1315 1843 1374 1878 80.)

315 1934 429 1974 Ingens
450 1932 526 1964 milii
552 1931 738 1973 jamdudum
764 1930 879 1962 fiducia
900 1933 949 1962 est
970 1930 1009 1961 de
1030 1932 1136 1961 vestra
1156 1931 1350 1970 protectione
1364 1931 1387 1948 ¹²²
1408 1934 1568 1972 concepta,
1589 1942 1652 1963 non
1678 1932 1743 1964 ullo

234 1992 345 2023 merito
366 2001 444 2028 nieo,
463 1989 518 2021 sed
534 1992 640 2021 vestra
660 1988 778 2020 virtute
799 1988 897 2019 animi
909 1991 941 2019 et
962 1988 1083 2028 generis
1105 1988 1269 2019 nobilitate
1282 1989 1313 2028 ¹³,
1336 1989 1451 2028 quibus
1466 1991 1583 2020 natura
1595 1989 1743 2021 inclinari

236 2050 358 2082 animus
377 2049 458 2079 solet
479 2050 516 2078 ut
538 2057 633 2087 quam
654 2046 788 2076 maxime
810 2048 898 2076 curet
918 2045 1010 2076 homo
1026 2045 1046 2062 ¹⁴
1067 2045 1211 2085 prodesse
1233 2056 1327 2086 quam
1349 2046 1502 2086 plurimis.
1524 2046 1587 2087 Ego
1605 2048 1671 2087 jam
1692 2057 1743 2087 op-

234 2110 336 2138 tarem
357 2116 441 2143 sane,
463 2108 531 2145 post
552 2104 660 2145 longos
680 2102 804 2134 labores
825 2105 857 2133 et
877 2103 964 2134 varia
984 2102 1097 2141 studia,
1119 2102 1256 2134 fructum
1281 2103 1347 2143 jani
1369 2103 1506 2144 aliquem
1535 2103 1664 2144 dignum
1684 2104 1744 2136 col—

234 2165 341 2205 ligere,
363 2166 395 2194 et
415 2163 490 2194 dum
511 2164 598 2193 aetas
619 2161 710 2201 viget,
732 2159 859 2200 suisque
879 2162 945 2191 tam
966 2160 1087 2191 animus
1107 2170 1201 2200 quam
1232 2170 1343 2200 corpus
1364 2160 1481 2192 viribus
1502 2161 1617 2199 valent,
1646 2161 1741 2192 inerti

235 2222 412 2263 prospicere
433 2219 605 2256 senectuti;
626 2218 710 2259 quod
731 2227 930 2258 speraveram
944 2217 1021 2248 mihi
1040 2226 1130 2257 posse
1150 2218 1329 2258 contingere
1345 2217 1370 2249 si
1390 2218 1423 2248 in
1438 2218 1646 2250 ecclesiastica
1660 2221 1743 2251 sorte

246 2317 253 2329 ’
275 2316 322 2346 Br.
342 2315 402 2344 PM.
423 2314 478 2342 PP.
496 2322 580 2349 quem
599 2321 613 2340 e
632 2320 714 2340 senza
733 2310 754 2339 il
772 2312 797 2339 te
1021 2311 1033 2329 ‘³
1050 2310 1105 2339 PP.
1123 2310 1230 2344 Africa

246 2361 258 2378 ⁹
276 2359 360 2388 Laus
373 2359 397 2387 si
409 2367 461 2387 usa
473 2357 560 2386 anche
579 2357 609 2385 in
628 2363 709 2384 senso
722 2355 750 2383 di
769 2355 881 2391 propria
893 2354 975 2383 stima
1011 2355 1034 2373 ¹⁰
1052 2355 1100 2383 Β1·.
1118 2363 1170 2390 qm.
1190 2354 1251 2382 PM.
1270 2355 1428 2390 qnonianm
1448 2355 1504 2384 PP.
1522 2363 1587 2384 oum

245 2405 256 2423 ³
276 2405 322 2433 Br.
341 2404 402 2432 PM.
421 2403 454 2431 in
473 2402 545 2431 anmi
1008 2400 1028 2416 ¹¹
1048 2399 1087 2426 In
1105 2407 1170 2434 qno,
1190 2406 1265 2427 come
1285 2399 1376 2434 quello
1396 2399 1441 2427 nel
1461 2399 1542 2435 quale

247 2450 257 2467 ⁴
276 2449 322 2477 Β1·.
341 2448 401 2477 PM.
420 2448 532 2476 illectus
1010 2443 1032 2461 ¹²2
1051 2442 1104 2471 Nei
1123 2442 1210 2470 codici
1228 2450 1284 2471 non
1305 2443 1329 2471 si
1347 2443 1426 2479 leg-ge
1445 2444 1493 2472 che
1506 2452 1537 2479 21.
1557 2443 1583 2472 Il
1602 2444 1663 2474 PM.
1676 2446 1743 2474 nota

246 2493 257 2513 ⁵
276 2493 336 2522 PM.
355 2493 482 2527 eoepectas
1041 2487 1091 2515 che
1109 2487 1180 2515 altro
1199 2487 1290 2515 codice
1309 2487 1396 2516 sorive
1409 2493 1476 2522 pam

252 2538 263 2557 ⁶
277 2538 323 2566 Β1·.
336 2537 398 2565 PM.
411 2543 563 2570 nunquam
575 2542 666 2570 quam
686 2533 741 2561 PP.
754 2539 967 2568 ozzcmqamquae
1003 2532 1025 2550 ¹3
1045 2531 1100 2559 PP.
1119 2531 1276 2560 mobilitate

248 2583 258 2601 ⁷
275 2581 329 2609 Nei
348 2579 434 2610 codici
452 2579 500 2608 illi
517 2579 579 2608 soli.
603 2577 702 2606 Cuivis
720 2576 827 2605 scilicet
845 2576 941 2605 studio
1008 2575 1030 2594 ¹4
1048 2575 1104 2603 PP.
1119 2575 1163 2603 leis

253 2627 264 2645 ⁸
276 2625 329 2654 Nei
343 2625 428 2654 codici
441 2631 523 2652 senza
542 2623 560 2651 1⁷
569 2622 611 2651 illc·
619 2631 628 2657 ‚⁴
649 2630 687 2651 sc.
701 2621 808 2651 chobo
821 2621 854 2650 (Ze
866 2620 970 2649 Firmo
