1845 3076
799 197 937 221 Eplsrotss
1576 184 1634 215 217

106 286 237 317 Illarum
258 285 396 326 gravitas
416 284 501 324 apud
523 292 781 322 unumquemque
809 281 967 321 legentem
988 282 1020 311 te
1042 289 1148 310 senem
1177 278 1278 309 efficit.
1307 278 1488 309 Mirantur¹
1519 285 1626 308 omnes

107 343 192 384 quod
213 346 280 374 tam
297 341 423 382 juvenis
445 340 535 372 annis
556 339 666 371 taliter
687 339 805 371 sentire
826 338 923 378 possit
935 338 954 368 ².
977 336 1134 368 Ciceronis
1155 339 1186 367 te
1209 335 1315 366 stilum
1336 334 1434 374 sequi,
1449 334 1534 365 omni
1556 333 1631 364 adu-

105 400 233 435 latione,
254 399 338 430 omni
360 397 423 429 alia
444 400 564 428 semota
585 395 760 432 affectione,
782 397 950 426 testantur.
968 393 1031 434 Ego
1048 402 1130 429 vero,
1147 396 1211 423 tuae
1225 391 1413 423 conditionis
1432 400 1493 421 non
1507 390 1634 427 inscius,

108 466 173 496 prae
196 456 317 487 czeteris
339 454 548 486 admiratione
570 453 703 493 repleor,
725 452 809 492 quod
829 450 1096 491 sophismatibus3
1118 449 1254 489 garrulis
1275 449 1494 479 circumsessus
1507 449 1636 478 tantum

109 514 242 545 oratoris
263 511 396 552 gradum
417 511 567 542 scandere
590 514 630 547 et,
653 509 736 549 quod
758 509 830 548 plus
853 511 909 545 est,
932 508 1068 539 retinere
1090 506 1233 537 valueris
1256 505 1408 536 Recentia
1427 505 1510 536 enim
1526 507 1636 535 vetera

110 570 260 607 obruunt,
283 569 392 609 nilque
414 568 562 608 prodest⁴
585 566 737 598 memoria
757 566 817 596 nisi
838 565 879 596 ad
901 564 984 604 quod
1006 574 1068 595 11011
1090 573 1183 603 saepe
1204 563 1351 603 respexit.
1374 562 1434 593 Sed
1450 562 1481 592 in
1497 562 1636 601 11001110-

110 627 210 668 posito
230 635 417 666 permanere
440 626 500 664 (te)
523 624 633 655 hortor
655 623 738 654 illius
759 622 890 653 infausti
911 621 1030 661 scopuli
1057 620 1195 651 lucidum
1223 619 1330 651 lumen
1353 623 1385 650 et
1407 619 1500 651 fama.
1524 619 1636 650 Dicere

110 684 221 720 audeo,
243 682 327 723 quod
348 685 384 713 tu
405 682 554 722 longam5
575 680 622 711 illi
643 679 740 711 addes
762 679 954 710 memoriam.
978 677 1088 709 Notior
1111 688 1148 708 ex
1170 681 1202 709 te
1225 687 1321 717 quam
1347 680 1383 707 tu
1410 687 1448 707 ex
1477 676 1545 716 ipso
1574 676 1636 707 erit

108 741 162 772 ille
185 740 332 780 profecto.
356 738 426 770 Non
448 742 480 769 te
501 740 631 775 terreat,
653 747 736 777 rogo,
759 736 799 767 ab
823 736 881 767 hoc
903 739 970 766 tam
989 735 1056 765 alto
1077 735 1158 766 calle
1173 734 1240 765 ulla
1255 734 1372 773 inopia.
1394 734 1516 765 Memor
1530 743 1562 764 es
1579 733 1639 764 Lu-

114 798 183 828 cani
205 801 259 828 tu:
284 810 299 823 ‹<
316 795 474 827 Foecunda
495 795 633 825 virorum
655 797 867 833 paupertas.»
892 792 942 823 Da
963 791 1039 822 mihi
1068 801 1087 822 a
1116 791 1270 831 principio
1297 791 1428 822 divitem
1456 791 1489 820 in
1514 800 1636 821 summo

110 854 248 885 scientiae
269 852 392 892 fastigio
415 851 609 883 collocatum.
634 850 810 882 Necessitas
832 858 986 889 pauperes
1007 848 1156 879 sollicitat
1176 847 1217 878 ad
1246 847 1406 879 virtutem.
1430 847 1520 878 Nosti
1549 847 1634 887 quod

111 911 191 942 dixit
212 909 418 941 Democritus
440 908 574 939 Divitias
595 908 736 948 projecit,
758 916 836 938 onus
850 906 920 937 illas
934 907 1023 937 bonae
1040 905 1152 936 mentis
1166 905 1355 936 existimans.
1372 905 1411 935 Et
1423 904 1500 944 quid
1519 904 1628 944 plura!

111 968 250 1008 Expecto
274 970 310 998 ut
332 966 438 998 dicas:
462 965 576 996 Plenus
598 967 708 996 venter
728 964 820 995 facile
842 964 880 995 de
898 963 1028 1004 jejuniis
1049 963 1200 1003 disputat.
1224 961 1294 993 Non
1317 972 1385 993 sum
1407 972 1445 993 ex
1472 962 1529 993 1100
1557 972 1638 993 com—

113 1029 216 1057 motus
228 1025 247 1061 8,
269 1034 327 1055 nec
348 1027 437 1055 taceo
458 1023 574 1054 rubore
595 1022 747 1062 perfusus
771 1020 846 1059 Quae
867 1030 970 1052 assero
992 1021 1073 1052 ratio
1094 1020 1228 1060 perficit,
1256 1019 1373 1050 veritas
1399 1019 1537 1050 roborat.
1560 1019 1635 1049 Haec

113 1092 174 1114 non
195 1082 310 1122 quaerit
332 1081 472 1122 angulos⁷
493 1090 550 1112 nec
571 1079 711 1110 latebras
733 1078 863 1119 appetit.
887 1077 1054 1109 Contraria
1075 1077 1200 1117 opini0⁷
1215 1076 1359 1113 fluctuat,
1386 1086 1444 1107 nec
1459 1076 1635 1116 quidquam

114 1139 211 1171 habet
220 1138 320 1170 solidi.
333 1137 404 1170 Non
415 1137 508 1169 affiuo
524 1141 630 1169 tamen
644 1135 770 1173 divitiis,
785 1145 979 1175 quamquam
995 1134 1107 1171 fatear,
1120 1134 1195 1164 1111111
1206 1144 1290 1164 1111110
1304 1133 1446 1164 arridere
1460 1133 1630 1164 fortunam.

113 1196 181 1228 Hoc
202 1196 279 1227 mihi
301 1196 484 1235 auspicatus
505 1205 536 1226 es
562 1195 655 1235 hujus
676 1194 723 1224 rei
750 1193 872 1224 inscius.
904 1191 1062 1232 Scripsisti
1084 1191 1168 1222 enim
1180 1191 1200 1228 S,
1231 1202 1281 1222 me
1301 1191 1383 1221 nisi⁹
1406 1191 1485 1222 bene
1506 1200 1635 1230 sperare

111 1263 174 1285 non
193 1263 290 1293 posse,
313 1253 367 1293 qui
389 1253 429 1284 ab
450 1253 498 1283 his
520 1251 691 1292 scopulosis
712 1250 873 1281 littoribus
894 1259 943 1280 me
965 1249 1090 1280 removi.
1113 1250 1141 1279 A
1163 1249 1241 1279 festo
1263 1248 1371 1279 Sancti
1389 1248 1521 1279 Martini
1537 1247 1583 1278 fui
1599 1249 1632 1278 et·

108 1320 177 1342 sum
198 1310 400 1350 patriarchae
412 1309 616 1350 aquilejensis
628 1308 661 1338 in
677 1306 905 1347 temporalibus
919 1306 1076 1347 generalis
1090 1306 1233 1337 vicarius.
1249 1305 1406 1337 Salarium
1421 1305 1632 1336 ducentorum

108 1367 295 1399 ducatorum
316 1367 394 1398 mihi
414 1367 585 1401 constituit,
600 1366 790 1398 tantundem
810 1375 848 1396 ex
868 1365 997 1395 honesto
1010 1363 1098 1395 lucro
1112 1365 1308 1403 perceptum.
1326 1362 1450 1400 Fateor,
1467 1362 1524 1393 hoc
1539 1364 1636 1399 statu,

108 1435 186 1456 meae
207 1434 348 1466 personae
370 1424 527 1464 qualitate
547 1424 690 1464 inspecta
701 1424 731 1460 ¹⁰,
752 1424 936 1454 contentum
959 1431 1023 1452 esse
1045 1421 1170 1452 debere.
1193 1419 1317 1451 Gradus
1340 1419 1456 1451 altus¹¹
1479 1419 1557 1450 mihi
1579 1422 1635 1456 est,

111 1482 233 1514 lucrum
254 1482 383 1523 grande,
404 1481 535 1512 libertas
555 1481 651 1517 laeta,
673 1481 821 1512 amicitiae
843 1479 961 1516 multae,
977 1489 997 1510 a
1010 1479 1102 1519 longo
1118 1481 1260 1517 tempore
1276 1477 1447 1517 acquisitae,
1463 1476 1635 1508 affinitates

110 1539 279 1580 praeclarae,
301 1539 425 1579 patriae
447 1549 464 1570 e
485 1538 667 1579 patrimonii
688 1538 750 1569 mei
771 1537 924 1574 vicinitas,
946 1536 1086 1577 conjugis
1108 1536 1255 1567 honestas
1276 1537 1309 1566 et
1329 1535 1529 1571 foecunditas,
1551 1536 1584 1565 et
1604 1533 1639 1564 li-

109 1597 257 1629 berorum
276 1596 420 1628 dulcedo.
442 1596 529 1628 Haec
550 1596 655 1627 omnia
675 1598 784 1627 tamen
805 1605 855 1626 me
876 1594 998 1625 felicem
1020 1594 1123 1625 facere
1144 1603 1207 1624 non
1232 1595 1370 1633 possunt.
1392 1592 1526 1623 Animus
1538 1591 1560 1608 ¹²
1581 1590 1636 1622 ille

111 1657 158 1686 est
180 1654 235 1694 qui
255 1653 316 1685 sibi
336 1653 536 1685 commendat
559 1653 672 1684 omnia.
694 1652 738 1684 Ut
759 1651 835 1684 felix
857 1652 924 1689 sim,
946 1662 1009 1682 non
1024 1654 1071 1683 est
1084 1651 1201 1682 divitiis
1215 1650 1236 1668 ¹³
1251 1649 1486 1689 honoribusque
1504 1648 1637 1680 coeteris

111 1711 332 1753 adjiciendum,
354 1711 419 1748 sed,
436 1712 532 1752 juxta
552 1710 689 1742 Senecae
710 1710 841 1747 dictum,
857 1719 952 1750 quem
967 1712 1003 1740 tu
1017 1709 1137 1740 dudum
1152 1718 1258 1740 meum
1271 1708 1393 1744 asseris,
1408 1706 1638 1747 cupiditatibus

110 1768 353 1800 detrahendum.
375 1768 407 1800 Si
426 1768 459 1799 in
480 1768 539 1800 hoc
558 1767 766 1808 perseverabo
788 1769 886 1804 statu,
906 1769 1016 1807 potero
1030 1776 1098 1797 rem
1114 1765 1314 1802 familiarem,
1330 1764 1471 1804 undique
1489 1773 1640 1804 conquas-

109 1829 220 1864 satam,
234 1825 373 1864 reficere,
385 1844 424 1848 —
434 1828 544 1865 potero
557 1825 672 1857 liberos
686 1825 872 1865 prospicere,
885 1827 917 1855 et
928 1824 1101 1855 amicorum
1116 1822 1485 1863 consanguineoriimque
1500 1821 1639 1860 inopiam

109 1883 283 1915 sublevare.
305 1882 376 1915 Non
397 1885 504 1914 tamen
525 1882 565 1914 de
585 1882 646 1914 hac
665 1882 752 1914 laeta
772 1881 895 1914 confido
921 1881 1059 1913 fortuna.
1082 1880 1170 1912 Haec
1197 1880 1299 1911 habeo
1327 1882 1364 1910 ut
1388 1879 1589 1919 depositurus
1602 1878 1634 1909 ¹⁴.

110 1940 213 1980 Quum
234 1942 429 1980 repetentur,
450 1940 507 1971 illa
519 1940 540 1957 ¹⁵
560 1940 760 1972 redditurum
772 1940 794 1957 ¹⁶
815 1949 864 1970 me
885 1939 956 1970 scio.
979 1938 1117 1969 Firmavi
1138 1938 1244 1969 animo
1256 1937 1286 1975 ¹⁷,
1309 1946 1407 1977 quum
1429 1946 1479 1967 me
1497 1936 1577 1967 haec
1591 1945 1637 1966 re-

115 1998 261 2038 linquere
281 1997 428 2037 expediet
440 1997 471 2034 18,
492 2007 555 2028 non
577 1996 711 2028 turbari.

194 2054 326 2095 Longius
348 2064 445 2094 quam
464 2054 573 2094 putavi
595 2064 644 2085 me
666 2054 757 2085 duxit
777 2053 886 2089 oratio,
909 2056 1015 2084 tecum
1040 2051 1239 2084 confabulari
1260 2050 1440 2092 fingentem.
1463 2050 1503 2081 Et
1529 2059 1639 2090 quam-

111 2122 207 2153 quam
228 2111 279 2142 hic
299 2111 387 2142 rudis
407 2111 498 2143 stilus
517 2111 609 2151 longe
629 2111 670 2141 sit
689 2113 746 2142 tuo
775 2110 893 2151 dispar,
923 2120 1027 2150 parce,
1052 2119 1136 2150 rogo,
1165 2111 1368 2148 mentemque
1395 2110 1427 2139 et
1455 2117 1518 2138 non
1543 2106 1641 2138 verba

127 2224 134 2240 ¹
156 2222 240 2250 Marc.
261 2223 389 2250 miratur
409 2223 503 2250 omnis
898 2222 917 2239 ¹¹
939 2221 1024 2248 Marc.
1044 2221 1120 2249 alter
1139 2228 1186 2255 per
1206 2219 1282 2247 altus

120 2268 131 2285 2
150 2266 235 2295 Marc.
249 2267 347 2302 possis
900 2267 921 2283 ¹2
941 2266 1024 2293 Guar.
1044 2264 1132 2292 Alius
1151 2272 1201 2299 per
1219 2263 1337 2291 animus

118 2312 129 2328 ³
148 2310 234 2340 Marc.
253 2310 395 2345 quomodo
416 2310 643 2345 sophismatibus
893 2311 914 2329 ¹³
934 2309 1018 2338 Guar.
1037 2317 1071 2337 ea·
1090 2309 1200 2337 divitiis

121 2356 130 2373 ⁴
149 2355 235 2385 Marc.
254 2354 354 2390 nilque
365 2354 480 2390 ρει-(ἰῆς
505 2355 589 2383 Guar.
610 2354 739 2390 vulyaris
752 2354 855 2390 prodit
891 2355 912 2372 ¹⁴
933 2354 1017 2383 Guar.
1037 2353 1268 2389 clepositna›·ius;
1283 2360 1356 2380 eccm.
1371 2351 1441 2379 Mar.
1457 2350 1642 2386 depositurus

121 2401 132 2418 ⁵
151 2399 234 2428 Guar.
255 2401 322 2435 toqa
339 2407 389 2434 per
407 2399 524 2435 lonyam
933 2407 998 2427 cum

119 2446 130 2462 ὃ
149 2444 219 2472 Mar.
238 2444 383 2472 convictus
401 2443 498 2471 inveee
517 2443 567 2471 che
585 2446 742 2472 commotus
895 2445 916 2461 ¹⁵
934 2443 1018 2471 Guar.
1038 2443 1190 2477 repetetur.
1209 2440 1294 2469 Marc.
1314 2442 1493 2476 repetentum
1513 2438 1567 2467 illa

120 2490 131 2507 ⁷
151 2488 227 2516 Guar
252 2488 433 2516 contrariam
452 2488 614 2523 opinionem
898 2489 919 2505 ¹⁶
938 2487 1008 2515 Mar.
1027 2486 1198 2515 redditurus

120 2534 131 2552 ⁸
149 2532 204 2561 Nei
223 2532 326 2561 codici:
347 2532 458 2567 Scripsi
895 2533 917 2549 ¹⁷
937 2531 1021 2560 Guar.
1041 2530 1124 2558 modo
1142 2538 1191 2565 per
1211 2530 1308 2558 animo

120 2579 132 2596 ⁹
152 2577 235 2606 Guar.
255 2577 327 2605 mihi
346 2577 404 2605 nisi
896 2576 916 2593 ¹⁸
936 2575 1022 2603 Marc.
1042 2574 1189 2610 expediret

109 2622 131 2638 ¹⁰
149 2620 234 2648 Guar.
254 2621 382 2656 respecta

1523 2661 1558 2689 28
