1845 3076
727 161 864 184 EPISTOLE
1517 153 1556 184 23

43 245 205 286 ingenium
227 247 236 264 ¹
268 246 363 278 etiam
396 245 602 277 admiratione
617 245 628 262 ²
649 245 766 277 haberi.
799 244 939 283 Quarum
960 255 1066 277 rerum
1090 248 1224 286 utraque
1245 246 1286 277 ad
1317 245 1519 277 nutriendam
1541 245 1554 262 ³

42 303 210 334 dumtaxat
245 303 445 343 provectioris
473 303 587 334 aetatis
619 303 866 342 expectationem
897 302 1056 342 pertinere
1088 303 1221 334 videtur.
1254 303 1301 334 Tu
1323 312 1405 340 vero,
1425 302 1458 333 in
1485 305 1552 333 tam

46 362 157 391 tenera
178 361 292 398 aetate,
313 369 396 400 quae
426 359 477 391 vix
507 359 627 390 consilii
661 369 761 399 capax
782 359 942 390 videretur
962 359 983 396 ⁴,
1011 362 1042 391 et
1066 369 1151 400 spem
1176 361 1315 391 omnium
1330 361 1551 399 ⁵expectatam

42 416 242 456 praevenisti,
263 419 294 448 et
314 417 452 448 aetatem
473 417 590 448 virtute
611 416 774 456 superasti.
804 415 906 454 Quum
928 416 1012 448 enim
1033 417 1096 448 sint
1116 427 1153 447 cx
1176 417 1298 448 artibus
1319 417 1380 447 duo
1401 417 1412 433 ⁶
1434 416 1552 456 praeci-

42 483 114 514 pue,
137 483 219 514 quae
239 473 281 505 ad
302 473 516 505 exornandam
536 473 686 504 virtutem
710 475 741 504 et
763 473 937 513 parandam
959 473 1090 513 gloriam
1112 475 1247 505 maxime
1267 477 1341 505 sunt
1362 474 1481 511 affines,
1503 483 1552 503 ar-

47 540 168 562 morum
196 530 342 562 videlicet
363 531 424 562 ac⁷
445 531 623 562 litterarum
646 529 827 570 disciplinae
837 530 858 568 ⁸,
880 532 916 560 tu
936 533 1104 570 utramque
1125 531 1171 561 ita
1198 531 1353 562 tenaciter
1373 531 1553 570 complexus

43 597 85 625 eS‚
109 590 146 619 ut
170 597 232 619 non
250 588 316 629 jam
338 587 465 619 edoctus
482 597 501 619 a
525 597 683 628 quoquam
704 587 758 618 sed
779 596 877 627 prope
897 587 1024 618 innatus
1038 588 1049 604 ⁹
1072 588 1116 618 eis
1137 588 1338 628 cognitusque
1362 588 1497 618 videare.
1512 605 1552 609 —

42 643 126 675 Nam
148 654 251 684 neque
272 644 368 676 studii
389 646 436 676 est
456 647 521 676 ate
542 643 715 684 quidquam
736 644 990 684 praetermissum
1015 653 1116 684 neque
1130 644 1280 684 temporis
1300 644 1488 684 neglectum.
1506 644 1553 674 Ac

44 702 137 733 simul
159 701 333 733 membra¹⁰
363 702 422 733 tibi
443 701 489 732 uti
510 710 566 741 per
587 702 724 732 aetatem
745 700 842 739 licuit,
880 701 976 732 armis
996 711 1120 741 quoque
1143 711 1318 732 assuescere
1339 701 1486 740 coepisti,
1507 700 1552 731 di-

44 759 230 799 scendisque
250 759 358 799 primis
370 758 484 790 litteris
504 758 641 789 traditus
661 767 702 794 es,
727 767 823 797 quum
837 758 940 797 prima
952 758 971 775 ¹¹
994 758 1091 789 verba
1110 758 1247 790 formare
1262 758 1401 798 potuisti.
1421 758 1554 796 Quamo-

43 816 132 848 brem
153 818 278 847 tantum
290 817 311 833 ¹²
332 817 365 846 in
387 818 531 856 utraque,
555 818 587 846 et
607 815 710 846 studio
731 817 763 845 et
783 814 938 846 industria
959 817 1024 852 tua,
1044 818 1254 855 consequutus
1269 825 1309 852 es,
1330 818 1376 852 ut,
1395 815 1515 846 coaevis
1528 815 1550 831 ¹³

45 873 108 904 tuis
130 873 221 913 longo
242 873 407 904 intervallo
428 872 624 913 posthabitis,
645 882 716 903 cum
738 872 908 913 majoribus
932 875 1053 904 certare
1075 873 1113 904 de
1135 873 1265 904 victoria
1285 872 1387 912 possis.
1411 871 1552 909 Quorum

48 930 236 961 utrumlibet
266 940 363 970 quum
383 940 467 970 agas,
485 930 526 961 ad
546 930 579 960 id
600 940 698 961 unum
723 933 815 961 natus
836 929 935 961 videri
955 933 1049 970 poteS.
1082 930 1183 961 Probe
1207 930 1304 968 igitur
1331 929 1415 965 sacis,
1439 929 1494 968 qui
1518 930 1551 959 et

44 986 215 1018 militarem
239 987 445 1027 disciplinam,
470 987 503 1018 in
525 997 588 1027 qua
607 996 730 1027 semper
750 988 797 1018 tui
817 987 950 1027 majores
973 987 1198 1025 excelluerunt,
1212 997 1274 1017 non
1290 986 1430 1027 negligis,
1457 988 1488 1017 et
1510 985 1553 1016 ad

43 1046 183 1075 veterem
203 1045 285 1075 hanc
304 1044 505 1075 domesticam
526 1044 657 1085 gloriam
679 1045 774 1076 etiam
794 1055 905 1075 novam
926 1044 1090 1076 literarum
1112 1045 1238 1076 laudem
1254 1044 1390 1084 adjicere
1410 1043 1551 1074 tentasti.

41 1100 250 1142 Quapropter,
270 1111 368 1141 quum
388 1111 510 1142 semper
531 1104 563 1133 te
587 1101 697 1133 deceat
717 1102 837 1133 intente
855 1102 875 1119 ¹⁴
901 1102 934 1132 in
951 1103 971 1119 15
992 1102 1040 1133 his
1062 1102 1189 1139 versari,
1211 1111 1294 1132 nunc
1319 1111 1392 1132 vero
1413 1101 1551 1131 maxime

42 1167 119 1198 opus
140 1160 196 1196 est,
218 1160 255 1189 ut
275 1159 337 1189 vim
361 1160 450 1189 tuam
472 1168 594 1190 omnem
618 1158 768 1198 proferas,
799 1159 947 1199 quoniam
971 1159 1029 1190 sub
1050 1159 1146 1190 oculis
1171 1169 1202 1190 es
1225 1158 1412 1189 serenissimi
1434 1157 1552 1188 Princi-

43 1215 99 1256 pis,
121 1216 175 1255 qui
196 1215 235 1247 de
256 1215 397 1255 utrisque
418 1218 450 1247 et
467 1226 540 1247 vere
562 1218 594 1247 et
627 1218 710 1247 certe
730 1216 874 1257 judicare
895 1217 1000 1256 possit.
1028 1216 1094 1255 Quo
1114 1219 1150 1247 ut
1171 1226 1262 1247 nemo
1284 1219 1330 1247 est
1353 1215 1406 1255 qui
1427 1215 1552 1245 noverit

43 1273 146 1303 verius
160 1274 319 1310 virtutem,
332 1273 354 1289 ¹⁶
375 1283 411 1304 ac
432 1273 471 1304 de
491 1273 579 1304 bonis
596 1273 616 1290 ¹⁷
640 1273 761 1304 artibus
792 1274 895 1304 verius
915 1273 1057 1313 judicare
1082 1276 1188 1313 queat,
1220 1274 1266 1304 ita
1288 1276 1319 1304 et
1336 1273 1356 1289 ¹⁸
1389 1283 1480 1303 nemo
1502 1275 1550 1302 est

43 1330 98 1370 qui
120 1330 276 1361 hominem
305 1330 352 1361 his
373 1330 465 1362 rebus
486 1330 632 1362 affectum
653 1333 709 1362 aut
732 1330 934 1370 amplioribus
955 1331 1123 1362 honoribus
1144 1331 1303 1362 illustrare
1336 1333 1391 1361 aut
1413 1329 1552 1361 cumula-

42 1387 174 1419 tioribus
198 1387 345 1427 praemiis
367 1387 483 1419 donare
504 1388 607 1428 possit.
630 1387 717 1419 Vale.

758 1667 824 1698 XX.

395 1760 572 1792 NICOLAO
594 1760 647 1792 DE
668 1760 898 1792 LEONARDIS
919 1759 1077 1792 PHISICO
1099 1760 1127 1791 S.
1148 1760 1184 1791 D.

208 1836 272 1871 (Br.
286 1845 317 1872 p.
337 1836 377 1864 52
395 1844 409 1865 e
427 1836 467 1864 86
487 1838 524 1869 t.;
545 1853 577 1856 -—
596 1836 681 1864 Ram.
696 1844 727 1871 p.
746 1836 805 1869 49;
826 1852 858 1856 —-
878 1836 949 1864 PM.
970 1844 992 1864 c.
1012 1836 1086 1870 116,·
1107 1852 1139 1856 —
1159 1836 1223 1864 PP.
1243 1844 1272 1865 n.
1293 1837 1350 1864 102
1368 1859 1372 1865 .

117 1925 165 1956 De
186 1925 317 1956 caeteris
338 1924 482 1964 equidem
503 1924 714 1964 superioribus
734 1924 834 1955 literis
857 1924 941 1964 quod
962 1924 1061 1954 visum
1082 1927 1128 1955 est
1147 1924 1249 1964 attigi.
1278 1924 1383 1955 Unum
1403 1925 1482 1955 illud
1504 1935 1551 1956 re-

38 1985 111 2020 stat,
130 1982 213 2023 quod
228 1982 420 2022 permaxime
433 1981 623 2022 significasti,
648 1981 927 2021 possessiunculam
942 1984 974 2012 te
989 1981 1021 2011 in
1035 1981 1180 2012 Muriano
1193 1992 1397 2021 comparasse,
1412 1982 1550 2013 leniendi

40 2040 144 2080 potius
164 2039 358 2079 sanandique
379 2039 475 2070 animi
496 2048 599 2076 causa,
621 2048 716 2078 quam
736 2039 867 2069 alterius
886 2039 1060 2078 sperandae
1080 2038 1238 2076 utilitatis,
1252 2057 1290 2061 —-
1302 2039 1431 2079 jamque
1452 2040 1552 2070 archi-

39 2097 131 2128 tectis
146 2097 221 2128 dare
233 2099 265 2128 te
277 2097 299 2114 ¹⁹
320 2096 535 2136 quotidianam
549 2105 687 2135 operam,
702 2098 738 2126 ut
751 2095 792 2126 sit
806 2095 894 2127 tibi20
908 2095 1076 2127 latibulum
1088 2098 1120 2127 et
1135 2096 1351 2136 angustiarum
1363 2096 1551 2137 perfugium.

49 2190 57 2207 ¹
77 2189 148 2217 Mur.
158 2190 266 2218 natura
279 2189 438 2224 beniynior,
448 2188 604 2224 inqenz'um.
623 2188 678 2217 ΡΡ.
691 2188 771 2217 beni-
808 2190 828 2207 ¹¹
850 2188 918 2218 Reff.
931 2189 1061 2224 primum
1081 2189 1177 2224 verba,

84 2235 173 2270 ynius
188 2235 337 2270 inqenium
811 2235 834 2251 ¹⁴²
854 2233 899 2261 PP
918 2235 977 2262 tam

45 2279 57 2296 ²
76 2279 130 2306 ΡΡ.
143 2278 365 2307 admirationem
809 2279 830 2296 ¹3
850 2277 921 2306 Mur.
940 2277 1024 2306 sociis
1041 2286 1090 2313 pei·
1109 2278 1219 2305 coaevis

45 2323 56 2340 ³
74 2322 127 2350 Nei
146 2321 234 2350 codici
252 2322 292 2350 ad
309 2321 497 2350 nutriendum
808 2322 831 2339 ¹⁴
850 2321 916 2349 Reff.
937 2321 1064 2355 intente,-
1084 2321 1124 2357 gli
1143 2321 1208 2349 altii
1230 2321 1339 2349 intento

46 2365 58 2384 ⁴
77 2365 131 2394 ΡΡ.
149 2366 265 2393 videtur
811 2367 833 2385 ¹⁵
851 2366 923 2394 Mur.
941 2367 972 2394 m
991 2366 1045 2399 his,
1064 2366 1104 2402 gli
1123 2366 1188 2394 altri
1207 2366 1252 2393 his

46 2409 56 2427 f*
75 2408 142 2437 Reff.
162 2409 291 2437 omnium
311 2409 350 2445 gli
370 2407 437 2437 altri
457 2408 608 2437 homimem
810 2411 831 2428 16
850 2409 902 2438 Nei
923 2409 1010 2438 codici
1029 2410 1062 2437 dc
1080 2409 1237 2437 virtutibus
1255 2418 1270 2438 0
1289 2410 1323 2438 (lc
1342 2410 1446 2439 virtuti

43 2453 55 2471 ⁶
74 2452 128 2481 ΡΡ.
148 2460 161 2480 e
180 2452 251 2481 Mur.
271 2453 344 2482 duae
809 2454 830 2471 ¹⁷
850 2453 903 2481 Nei
923 2453 1009 2482 codici
1028 2461 1061 2480 ac
1078 2453 1160 2481 bonis

44 2498 56 2514 ⁷
74 2496 129 2525 ΡΡ.
148 2505 162 2524 e
181 2497 247 2526 MM.
268 2498 295 2525 ct
808 2499 831 2516 18
850 2498 911 2526 ΡΜ.
930 2498 973 2526 ita
990 2499 1024 2525 ut

42 2541 55 2568 ,8
73 2541 127 2569 Nei
145 2540 234 2570 codici
252 2549 266 2569 e
285 2541 314 2570 in
330 2541 404 2571 Mur.
421 2542 575 2578 disciplina
808 2542 831 2561 ¹⁹
850 2543 895 2570 ΒΥ.
915 2551 929 2571 e
943 2543 1003 2570 PM.
1017 2543 1050 2571 de
1063 2543 1231 2572 architectis.
1247 2544 1278 2572 R.
1294 2545 1318 2572 te
1328 2545 1487 2573 architectis
1500 2545 1549 2573 da-

6 2584 9 2588 ”
42 2586 54 2603 ⁹
72 2585 126 2613 ΡΡ.
146 2585 246 2614 omette
263 2585 384 2614 innatus
843 2595 875 2614 rc
894 2588 919 2615 le

32 2629 55 2649 ¹⁰
72 2629 125 2658 Nei
144 2629 230 2658 codici
249 2638 263 2658 e
282 2629 311 2658 in
330 2630 402 2660 Mur.
421 2631 555 2660 membris
805 2632 828 2650 ‘²⁰
847 2631 893 2659 ΒΓ.
912 2632 947 2660 86
965 2640 978 2660 e
998 2632 1053 2660 ΡΡ.
1073 2632 1113 2660 ihi
