1845 3076
244 152 301 183 100
873 161 899 183 P.
920 160 945 183 P.
966 160 1115 184 VERGEmo

240 242 427 274 concederet
439 243 457 273 ¹.
480 242 635 273 Ciceronis
649 242 756 274 stilum
771 253 821 274 me
836 244 924 283 sequi
935 244 946 260 ²
966 244 1133 284 perhibent
1144 245 1163 276 ³.
1186 244 1303 276 Verum
1318 247 1365 276 est
1377 245 1456 276 illud
1469 256 1476 283 ;
1496 256 1609 286 sequor
1623 247 1750 287 quidem

244 310 305 340 quo
321 300 460 331 cominus
481 309 605 339 possum
620 299 640 337 ⁴,
662 300 758 330 totius
773 300 971 340 eloquentiae
996 300 1124 332 fontem.
1145 301 1256 333 Nescio
1271 302 1353 333 enim
1367 313 1462 343 quem
1473 303 1625 343 potiorem
1639 304 1752 335 ducem

241 358 274 388 in
294 357 353 388 hoc
373 356 487 387 sectari
506 356 637 387 valeam.
659 356 720 388 Sed
740 357 818 388 adeo
833 357 916 389 iners
936 358 1110 398 tardusque
1130 369 1209 396 sum,
1225 361 1262 390 ut
1275 359 1422 391 velociter
1442 363 1656 400 praeeuntem,
1676 360 1751 392 obli-

239 414 350 445 teratis
371 414 468 444 ferme
488 413 627 453 vestigiis
643 413 663 450 ⁵,
693 413 810 445 nedum
830 415 987 455 attingere
1008 415 1063 446 sed
1087 415 1192 447 videre
1217 416 1345 447 minime
1365 417 1486 456 possim.
1516 417 1641 448 Miraris
1661 420 1693 449 et
1713 420 1750 449 tu

240 471 385 508 maxime,
400 480 488 501 meae
503 470 689 501 conditionis
709 481 770 502 non
786 472 909 509 insciuS,
925 471 1079 512 quomodo
1091 472 1101 489 ⁶
1116 473 1234 512 garulis
1251 473 1493 512 sophismatibus
1508 474 1728 506 circumsessus
1739 475 1751 492 ⁷

237 531 363 559 tantum
375 528 386 545 ⁸
405 529 538 561 oratoris
559 530 692 570 gradum
712 528 870 566 scandere,
889 532 928 567 et,
944 530 1027 570 quod
1048 530 1120 570 plus
1135 531 1222 568 dicis,
1243 530 1380 561 retinere
1400 530 1553 562 valuerim
1563 532 1581 562 ⁹.
1605 530 1749 569 Quantus

240 586 291 617 hic
304 586 420 626 gradus
433 587 482 624 sit,
498 589 529 618 et
545 597 641 627 quam
661 587 754 625 altus,
770 589 807 617 tu
822 586 943 618 videris.
966 587 1025 618 Sed
1045 590 1152 618 tamen
1167 597 1230 618 non
1243 587 1383 627 despero,
1403 588 1496 628 quod,
1512 588 1538 618 si
1558 588 1632 620 huic
1645 588 1749 620 studio

237 643 394 674 intentum
415 654 465 675 me
485 644 611 682 dedero,
632 644 707 675 satis
722 644 848 675 abunde
868 644 1038 684 proficiam.
1061 644 1193 685 Logicae
1208 644 1335 685 quidem
1356 644 1548 684 disciplinae,
1569 655 1665 685 quam
1679 645 1748 676 aliis

237 700 339 737 trado⁷
359 701 405 732 ita
425 701 545 739 insisto,
566 704 603 732 ut
616 711 686 732 eam
701 701 777 732 mihi
797 701 879 732 viam
899 701 940 732 ad
960 701 1037 732 alias
1058 703 1206 741 statuam,
1229 704 1261 732 et
1273 712 1336 733 non
1356 701 1460 739 finem,
1481 702 1536 733 sed
1557 702 1749 743 plerumque

238 758 394 789 oratoriae
410 758 440 797 ¹⁰,
462 759 549 799 cujus
570 758 681 790 eadem
702 759 783 790 ratio
804 761 861 796 est,
882 758 1069 798 plerumque
1090 758 1195 797 etiam,
1224 761 1255 790 et
1276 759 1375 790 multo
1395 759 1562 790 studiosius
1577 760 1597 776 ¹¹
1619 759 1750 799 philoso-

240 815 335 855 phiae
350 816 381 853 ¹²³,
402 826 465 847 non
486 816 586 847 solum
608 816 646 854 ei,
667 826 748 856 quae
763 819 912 847 naturam
933 826 1039 847 rerum
1061 816 1208 854 ostendit,
1228 816 1282 847 sed
1308 817 1336 848 ei
1360 827 1493 857 quoque,
1514 817 1547 847 in
1568 827 1631 857 qua
1652 818 1750 849 omnis

238 876 326 904 recta
341 874 421 904 ratio
442 873 566 904 vivendi
582 874 602 890 ¹³
623 874 770 904 consistit.
792 873 848 904 His
862 873 972 904 studiis
987 873 1135 905 insudare
1151 873 1229 904 etin
1251 874 1293 905 eis
1306 873 1446 915 jucunde
1461 874 1573 912 vivere,
1595 874 1748 914 quamdiu

239 931 305 962 Deo
325 931 424 961 visum
445 930 551 968 fuerit,
572 930 703 962 decrevi.
725 931 791 962 Nec
810 941 860 962 me
881 931 921 963 ab
942 931 1001 963 hoc
1022 931 1178 971 proposito
1206 931 1290 962 ullus
1318 931 1464 962 fortunae
1490 932 1635 971 impetus,
1663 932 1748 964 ullus

237 998 327 1019 casus
348 988 507 1019 deterrere
529 988 654 1028 poterit.
676 988 874 1029 Paupertate
895 989 1021 1029 quidem
1037 989 1066 1027 ¹⁴,
1098 991 1134 1020 ut
1153 991 1190 1019 tu
1211 999 1260 1020 me
1292 989 1436 1027 hortaris⁷
1464 989 1591 1020 minime
1612 1000 1747 1021 moveor.

238 1045 330 1076 Illam
348 1046 429 1076 enim
447 1045 571 1085 jamdiu
591 1046 668 1078 mihi
680 1046 701 1063 ¹⁵
722 1046 917 1086 quodamodo
931 1046 963 1076 in
986 1046 1139 1077 nutricem
1161 1047 1322 1086 assumpsi,
1337 1049 1368 1077 et
1384 1046 1525 1086 quamvis
1546 1046 1750 1087 aliquando¹⁶

239 1102 402 1133 molestam
423 1103 600 1140 habuerim,
623 1113 706 1133 nunc
723 1103 789 1143 jani
806 1103 826 1120 ¹⁷
847 1105 883 1134 ut
904 1103 1061 1143 placidam
1081 1103 1235 1143 hospitem
1254 1106 1353 1134 teneo.
1383 1104 1483 1143 Magis
1504 1114 1554 1134 me
1582 1106 1694 1144 gravat
1715 1106 1748 1134 et

238 1160 373 1191 maxime
393 1162 521 1199 torquet
534 1160 556 1177 ¹⁸
576 1163 744 1199 parentum
766 1160 879 1200 inopia,
908 1160 962 1200 qui
983 1171 1045 1192 non
1061 1161 1082 1177 ¹⁹
1103 1171 1202 1200 aeque
1235 1160 1402 1200 patienter,
1424 1163 1460 1192 ut
1488 1160 1609 1198 vellem,
1636 1161 1749 1192 incom-

236 1217 328 1248 moda
342 1227 398 1248 sua
419 1217 534 1248 ferunt.
557 1217 631 1248 Tuis
645 1220 753 1248 autem
778 1217 944 1248 commodis
959 1220 989 1248 et
1005 1218 1183 1255 honoribus
1199 1228 1280 1258 quae
1296 1228 1352 1258 per
1367 1218 1476 1249 literas
1491 1221 1563 1249 tuas
1583 1218 1660 1249 mihi
1673 1220 1750 1249 nota

238 1274 349 1311 fecisti,
371 1276 431 1306 etsi
453 1275 563 1306 virtuti
584 1278 659 1306 tuae
680 1275 881 1306 vehementer
908 1275 1081 1315 imparibus
1101 1285 1221 1307 summe
1242 1275 1423 1316 congaudeo
1437 1276 1468 1313 ²⁰,
1495 1276 1601 1316 sicque
1623 1285 1747 1316 semper

237 1334 423 1363 eventurum
445 1333 576 1372 speravi.
598 1332 708 1372 Neque
729 1333 797 1370 tibi,
818 1337 854 1364 ut
874 1332 952 1364 alias
972 1333 1081 1372 scripsi
1095 1333 1126 1370 Ἢ,
1147 1333 1207 1364 nisi
1226 1333 1307 1365 bene
1328 1343 1455 1373 sperare
1474 1343 1608 1373 possum,
1630 1333 1684 1373 qui
1705 1333 1746 1365 ab

235 1389 297 1420 illis
315 1390 461 1420 infaustis
475 1390 497 1406 Ἡ
518 1389 662 1421 litoribus
685 1393 810 1429 ereptus
825 1390 874 1422 sis.
893 1390 1033 1430 Denique
1055 1391 1186 1421 honores
1209 1391 1249 1429 hi,
1271 1391 1399 1421 luerunt
1414 1391 1435 1407 ²³
1457 1393 1488 1422 et
1508 1390 1650 1428 libertas,
1672 1390 1747 1421 ami-

236 1447 328 1478 citiae
351 1449 381 1477 et
403 1447 580 1485 affinitates
603 1450 634 1478 et
656 1448 733 1478 haec
753 1447 857 1478 omnia
878 1457 960 1487 quae
975 1458 1148 1485 enumeras
1168 1452 1354 1480 ornamenta
1373 1451 1446 1479 sunt
1467 1448 1636 1485 felicitatis,
1651 1458 1747 1488 quam

235 1504 295 1535 tibi
317 1505 443 1535 minime
465 1505 540 1536 dare
561 1508 720 1545 poterunt,
742 1506 800 1535 nisi
821 1508 857 1536 tu
878 1505 936 1536 tibi
956 1506 1088 1546 ipsemet
1109 1505 1241 1537 dederis.
1264 1506 1342 1537 Vale
1364 1508 1395 1537 et
1416 1516 1466 1537 me
1487 1509 1578 1537 tuum
1606 1505 1698 1537 crede
1713 1505 1743 1537 ²⁴¹.

236 1561 417 1593 Addidisem
440 1562 570 1593 fortusse
592 1562 685 1602 plura
708 1563 755 1593 his
778 1563 886 1600 literiS,
908 1563 962 1594 sed
982 1563 1126 1603 plurimis
1147 1566 1277 1594 vexatus
1298 1573 1378 1603 quae
1399 1573 1549 1604 peragere
1571 1563 1681 1600 habeo,
1696 1563 1747 1594 vix

236 1619 293 1649 hoc
316 1629 428 1658 parum
448 1620 606 1660 temporis,
641 1631 702 1660 quo
722 1620 781 1651 tibi
803 1620 980 1658 scriberem,
1006 1620 1083 1651 mihi
1109 1621 1262 1659 subtraxi,
1291 1631 1360 1653 cras
1376 1621 1398 1638 ²⁵
1425 1630 1531 1652 versus
1552 1620 1746 1657 Faventiam,

236 1678 272 1707 ut
293 1677 412 1716 opinor,
433 1677 544 1709 iturus.
567 1677 627 1708 Per
648 1678 779 1709 Petrum
801 1678 937 1709 Paulum
956 1681 1056 1709 tuum.

243 1960 250 1975 ¹
272 1958 326 1985 PP.
345 1957 472 1985 [mmmm
1008 1958 1028 1974 ¹⁴
1049 1957 1079 1984 G.
1101 1957 1189 1992 {guitur
1208 1956 1301 1984 invece
1321 1956 1369 1984 che
1389 1957 1504 1991 quidem

241 2004 252 2020 ‘²
271 2004 302 2030 G.
327 2002 472 2030 Ciceronis
493 2009 534 2028 me
553 2001 651 2028 stilum
669 2001 751 2036 sequi
1006 2002 1028 2018 ¹⁵
1046 2001 1097 2029 287
1118 2010 1131 2029 e
1151 2001 1233 2029 Guar.
1253 2001 1330 2028 Eam
1349 2001 1424 2028 euim
1437 2002 1502 2036 jam
1521 2001 1592 2029 milei

241 2048 251 2064 3
271 2046 494 2080 P1³.J›r0leis›enc
1008 2046 1028 2062 ¹‘'·
1049 2045 1130 2072 Guar.
1151 2046 1281 2079 ‘summis
1300 2045 1373 2072 alias

242 2091 252 2107 ⁴
272 2092 304 2117 Η.
323 2091 374 2118 287
398 2099 508 2125 sequor,
532 2100 588 2125 quo
613 2090 743 2117 cominus
761 2098 897 2124 passuum
924 2089 968 2116 Br.
1007 2091 1027 2106 ¹⁷
1047 2089 1109 2117 Cosi
1128 2090 1199 2117 Zeno
1219 2090 1326 2117 dissert.
1341 2089 1420 2118 Voss.
1441 2090 1471 2118 T.
1484 2089 1507 2118 I.
1527 2098 1590 2126 pag.
1605 2091 1638 2118 52
1657 2090 1744 2126 legit:

265 2135 325 2162 PM.
348 2136 399 2162 ΓΡ.
419 2143 522 2169 sequor
541 2134 655 2169 quidem
675 2142 730 2168 quo
750 2134 846 2160 miuus
866 2134 952 2160 totius
1035 2134 1118 2169 jam,
1138 2133 1180 2161 nei
1200 2133 1287 2161 codici
1307 2143 1369 2161 eam

240 2181 251 2197 ⁵
271 2180 301 2207 G.
316 2188 388 2212 sum,
402 2181 435 2206 ut
449 2179 490 2207 rel
502 2181 590 2206 artem
600 2179 781 2213 praesentem
796 2177 967 2213 obliteruz‘is3
1005 2179 1027 2195 ¹⁸
1046 2178 1118 2205 Zeno
1138 2178 1236 2205 omette
1258 2180 1370 2213 torquet

264 2224 310 2251 ΒΓ.
325 2224 384 2251 PM.
399 2224 512 2256 formae
525 2223 668 2258 vestifiis,
682 2222 732 2249 287
746 2222 967 2256 <relociterprue-
1006 2224 1027 2240 ¹⁹
1047 2223 1128 2250 Guar.
1149 2232 1222 2257 quae
1241 2231 1300 2249 ozon

263 2269 370 2295 sautem.
1001 2268 1023 2284 ²⁰
1043 2267 1125 2294 Guar.
1146 2276 1159 2294 e
1178 2265 1228 2294 287
1251 2268 1317 2294 tuae
1334 2266 1510 2303 ‘impar-ihu&
1540 2267 1586 2296 ΒΓ,
1606 2267 1667 2296 PM.
1689 2267 1744 2296 PP.

240 2313 252 2329 ⁶
271 2312 331 2339 PM.
351 2312 407 2340 ΡΙ),
426 2320 513 2346 quam
1041 2311 1217 2339 rehementer
1236 2311 1331 2345 'impar
1349 2319 1413 2339 sum
1432 2320 1541 2339 memmi
1557 2311 1668 2347 ⁴(madeo

241 2358 252 2374 ⁷
271 2356 325 2384 l’P.
344 2356 547 2389 circumsessus
1005 2357 1026 2374 2¹
1048 2355 1131 2383 Guar.
1146 2356 1188 2382 uti
1202 2355 1270 2382 aliis
1282 2356 1400 2391 scri223273
1420 2356 1465 2384 ΒΥ.
1480 2356 1540 2383 PM.
1554 2356 1608 2385 PP.
1621 2358 1656 2384 ut
1668 2356 1744 2384 alias

242 2402 253 2417 ⁸
272 2401 316 2428 Br.
337 2400 397 2427 PM.
417 2400 494 2434 quod
512 2402 640 2436 tumtunm
661 2400 716 2427 PP.
736 2408 822 2435 quam
842 2400 954 2427 tantum
1043 2400 1185 2434 scripsisli

242 2446 254 2461 ⁹
272 2444 323 2472 287
337 2445 501 2480 potuerim,
522 2444 575 2472 PP.
596 2444 734 2472 voluerim
1004 2446 1027 2463 ‘¹²
1047 2444 1097 2472 287
1117 2444 1251 2478 infundis

232 2490 253 2506 ¹⁰
273 2488 333 2515 PM.
354 2489 499 2516 oratoriae
517 2489 589 2517 artis
607 2489 704 2517 eadem
1005 2491 1027 2507 ‘2³
1047 2490 1102 2516 PP.
1123 2489 1211 2517 lucem

231 2534 251 2551 ¹¹
273 2533 328 2560 ΓΡ.
347 2533 482 2561 studiosis
1004 2534 1026 2551 2⁴
1047 2533 1077 2561 G.
1097 2533 1196 2560 omette
1215 2533 1303 2562 crede.
1318 2549 1349 2553 —-
1370 2533 1423 2562 Fin
1442 2533 1489 2570 qui
1509 2535 1554 2564 ΒΥ.
1574 2543 1587 2563 e
1607 2534 1678 2570 PM„
1697 2535 1743 2571 poi

232 2579 253 2595 ¹²
272 2577 323 2605 237
344 2586 356 2604 e
377 2578 459 2606 Guar.
480 2578 614 2605 Pleisicae
1040 2577 1101 2611 287,
1120 2578 1175 2605 PP.
1195 2585 1208 2604 e
1229 2577 1274 2606 Gr.

232 2623 254 2639 ¹³
272 2622 318 2649 ΒΥ.
338 2622 398 2650 ΡΜ.
418 2622 473 2650 ΡΡ.
491 2622 606 2650 ridwuli
1005 2624 1028 2641 25
1048 2622 1103 2650 PP.
1121 2622 1171 2656 qui
1190 2630 1254 2649 cras
