1845 3076
185 153 242 184 194
814 177 820 183 .
860 177 866 182 .
887 160 1036 183 vssmnmo

171 244 381 276 arbitrareris.
403 244 523 276 Horum
537 244 646 285 itaque
660 243 881 276 maledicentia
893 253 949 275 ora
964 243 1126 275 obstruere
1144 244 1269 284 poteris,
1285 244 1311 275 si
1325 244 1409 284 quod
1422 255 1461 275 ex
1475 247 1507 276 te
1522 255 1684 285 speramus

172 301 358 341 impleveris.
380 301 411 333 Si
432 311 494 333 non
518 311 601 338 vero,
622 301 704 333 illud
728 301 829 332 Oratii
854 301 1013 342 objectum
1041 301 1099 332 tibi
1127 301 1266 333 crebrius
1287 301 1396 332 audies
1409 302 1434 332 l:
1469 301 1602 340 eoelum,
1622 312 1684 334 mm

174 359 313 390 anionum
324 359 335 376 ²
354 361 479 390 wmtant
497 359 552 399 qui
571 361 660 390 trans
680 368 766 390 mare
786 360 923 389 currunt.
942 358 1019 389 Haec
1041 358 1178 389 fideliter
1203 358 1310 390 monui
1325 360 1361 390 ut
1374 358 1430 399 qui
1443 358 1501 390 sim
1518 359 1684 400 utriusque

175 415 308 447 fortunae
330 415 487 456 particeps
509 415 613 447 animo
635 415 770 447 futurus.
791 415 870 446 Vale
880 415 900 446 ³.

863 629 997 660 CXXVI.

675 685 951 717 VERGERIO
992 685 1153 717 PATRI
1175 686 1185 703 ⁴

409 744 476 777 (Er.
489 753 520 779 p.
541 744 594 777 7‘3;
616 759 647 763 -—
672 744 723 772 Gr.
744 753 771 772 n.
790 744 846 777 35,·
866 760 897 763 —
918 744 992 772 PM.
1011 753 1032 771 c.
1054 744 1111 771 136
1132 746 1168 776 1¹.;
1190 760 1221 764 —
1243 744 1306 772 PP.
1327 754 1354 773 n.
1374 745 1454 780 134).

252 814 351 855 Urget
373 824 431 850 me,
452 814 653 846 dilectissime
668 816 769 853 pater,
785 814 883 844 nostri
897 813 1106 853 gloriosissimi
1126 815 1312 854 protectoris
1333 814 1513 856 Hieronymi
1535 825 1624 847 sacra
1642 825 1687 848 so-

175 871 330 909 lemnitas,
355 874 392 902 ut
419 871 459 902 ad
488 874 520 902 te
549 871 670 911 aliquid
697 871 730 901 in
758 871 998 910 praesentiarum
1026 871 1170 908 scribam,
1198 881 1260 911 quo
1287 871 1485 903 devotionem
1511 875 1609 911 tuam,
1638 873 1686 904 his

174 929 280 961 officiis
300 939 424 969 semper
443 929 608 965 intentam,
630 928 719 959 filiali
740 928 858 959 scilicet
879 927 1090 959 admonitione
1111 928 1245 959 excitem
1266 929 1307 960 ad
1329 928 1413 959 hunc
1425 929 1510 961 diem
1527 930 1686 970 praecipua

174 986 312 1027 quadam
333 986 482 1026 religione
504 988 535 1016 et
555 985 707 1026 singulari
727 985 838 1016 laetitia
860 985 1091 1016 celebrandum.
1120 986 1287 1026 Indignum
1313 986 1458 1026 equidem
1486 987 1572 1024 duxi,
1594 991 1687 1028 pater

176 1044 301 1084 optime,
324 1044 390 1083 ejus
411 1043 515 1074 diem5
536 1043 569 1073 in
590 1043 712 1074 silentio
733 1043 903 1082 praeterire,
926 1053 946 1074 a
966 1053 1027 1082 quo
1048 1045 1114 1073 tan]
1135 1043 1242 1083 ampla
1262 1043 1417 1074 beneficia
1437 1046 1567 1084 tamque
1593 1048 1687 1085 grata

175 1102 258 1132 dona
276 1101 472 1140 percepimus
482 1101 500 1131 ὃ.
524 1100 685 1132 Proximus
707 1102 753 1130 est
774 1100 856 1131 enim
873 1101 1000 1140 neganti
1015 1100 1203 1131 beneficium
1216 1100 1242 1130 is
1260 1101 1335 1140 qui⁷
1358 1104 1450 1132 tacet.
1474 1101 1682 1143 Quapropter,

174 1159 232 1190 etsi
252 1159 405 1190 distantes
425 1168 562 1198 corpore,
585 1160 688 1189 mente
710 1160 816 1189 tamen
839 1160 870 1188 et
892 1158 996 1188 animo
1017 1157 1110 1188 simul
1126 1158 1239 1197 juncti,
1261 1158 1432 1205 solemnem
1453 1159 1537 1191 diem
1563 1160 1596 1190 in
1618 1171 1687 1201 gra—

175 1216 291 1247 tiarum
305 1216 490 1253 actionibus,
504 1216 604 1246 sicera
618 1215 783 1246 devotione
799 1218 831 1245 et
844 1215 897 1254 pia
910 1214 1030 1250 laetitia,
1047 1225 1240 1254 peragemus
1256 1215 1403 1247 Firmiter
1417 1216 1499 1247 enim
1516 1218 1686 1249 tenendum

171 1277 228 1309 est,
249 1274 342 1313 quod,
363 1284 460 1313 quum
481 1273 629 1303 suorums
650 1273 769 1303 animos
790 1273 869 1303 bene
890 1272 1074 1311 compositos
1095 1274 1127 1303 et
1147 1282 1222 1313 erga
1235 1283 1267 1303 se
1284 1273 1363 1304 bene
1378 1273 1542 1313 dispositos
1556 1274 1680 1314 viderit,

173 1341 317 1362 concessa
337 1330 533 1361 liberaliter⁹
552 1330 761 1365 confirmabit,
793 1333 825 1361 et
856 1331 961 1370 gratos
982 1329 1072 1369 longe
1095 1330 1266 1370 majoribus
1285 1330 1444 1361 beneficiis
1465 1334 1685 1372 prosequetur,

173 1390 279 1428 atque,
300 1388 365 1418 vita
385 1387 542 1418 defunctis
563 1387 627 1419 suis
646 1387 864 1418 intercessione
885 1390 917 1418 et
944 1387 1106 1427 przecibus,
1128 1387 1169 1418 ad
1189 1387 1273 1427 quod
1301 1397 1407 1420 omnes
1435 1389 1622 1428 aspiramus,
1644 1389 1687 1420 ad

174 1445 302 1477 coeleste
323 1446 439 1476 atrium
460 1445 542 1475 viam
563 1445 688 1484 pandet.
711 1445 815 1476 Multa
836 1445 928 1482 enim,
948 1447 979 1476 te
1008 1445 1081 1476 olim
1110 1447 1313 1482 memorante,
1339 1447 1440 1485 pater,
1461 1446 1502 1477 ab
1531 1456 1566 1477 eo
1594 1447 1686 1479 nobis

174 1503 329 1534 beneficia
344 1503 459 1534 collata
473 1503 607 1543 cognovi.
630 1503 792 1542 Mentique
812 1502 965 1533 tenaciter
981 1502 1064 1533 affixi
1079 1513 1149 1542 quae
1165 1502 1261 1542 ipsius
1275 1502 1355 1533 dono
1371 1505 1402 1533 et
1417 1503 1522 1543 gratia
1539 1503 1686 1544 obtigisse

175 1562 290 1593 sensim
312 1560 469 1600 planeque
490 1560 620 1596 videras,
637 1563 673 1591 ut
687 1560 711 1590 si
727 1559 857 1591 infitiari
872 1559 956 1597 velis,
974 1560 1163 1591 conscientia
1183 1560 1373 1591 adversante
1387 1570 1449 1591 non
1466 1561 1572 1600 possis.
1597 1560 1690 1599 Nam,

175 1620 212 1648 ut
233 1618 375 1649 omittam
397 1621 521 1654 caetera,
542 1627 612 1657 quae
635 1620 709 1648 ante
729 1617 816 1647 illam
837 1619 1068 1656 tempestatem,
1089 1618 1147 1648 toti
1170 1617 1235 1648 fere
1256 1617 1325 1648 orbi
1345 1618 1504 1658 cognitam
1516 1618 1548 1655 ¹⁰,
1569 1618 1603 1649 in
1625 1629 1689 1658 qua

177 1677 210 1706 et
226 1685 282 1706 nos
303 1674 503 1715 naufragium
524 1675 606 1714 passi
627 1685 772 1710 essemus,
794 1674 854 1706 nisi
874 1674 958 1705 illius
986 1673 1128 1705 affuisset
1156 1675 1338 1712 subsidium,
1365 1677 1452 1706 certa
1479 1675 1517 1706 de
1548 1686 1583 1707 eo
1614 1685 1690 1716 erga

177 1742 234 1763 nos
255 1732 408 1763 miracula
428 1732 618 1763 recensebas.
648 1732 687 1763 Et
709 1732 751 1763 ad
772 1742 809 1763 ea
830 1732 963 1768 veniam,
978 1742 1049 1771 quae
1062 1732 1196 1771 ipsemet
1210 1732 1273 1762 vidi
1286 1733 1316 1762 ¹¹.
1333 1732 1407 1771 Quis
1420 1743 1476 1763 nos
1491 1743 1526 1764 eo
1540 1732 1615 1765 belli
1630 1733 1691 1764 fra-

179 1800 261 1830 gore,
276 1800 339 1829 quo
354 1792 468 1820 cuncta
482 1790 695 1826 terrebantur,
719 1792 831 1820 cuneta
851 1789 997 1827 ruebant,
1029 1800 1065 1819 ex
1098 1791 1146 1820 tot
1166 1789 1285 1829 paratis
1306 1789 1426 1820 insidiis
1445 1790 1528 1821 vivos
1553 1790 1692 1831 eripuit?

180 1846 255 1884 Quis
276 1857 313 1877 ex
335 1848 445 1886 patriae
466 1847 627 1887 populat-{e
657 1847 763 1883 ruinis,
784 1846 923 1877 ardentis
936 1847 958 1863 ¹²
978 1847 1143 1884 cineribus,
1163 1857 1254 1878 sanos
1275 1849 1306 1877 et
1332 1849 1416 1878 tutos
1428 1848 1450 1864 ¹³
1478 1847 1603 1878 evexit?
1625 1848 1692 1879 Aut

179 1904 249 1944 quis
269 1904 408 1944 patrium
429 1904 528 1935 solum
553 1914 698 1945 egressos,
715 1914 751 1935 ac
771 1904 803 1934 in
817 1904 920 1935 alieno
934 1903 1069 1944 benigne
1082 1906 1230 1944 receptos,
1247 1904 1320 1935 olim
1336 1904 1368 1934 in
1384 1904 1519 1944 patriam
1534 1905 1553 1922 ¹⁴
1572 1905 1693 1936 revexit

177 1971 214 1992 ac
234 1961 266 1991 in
287 1964 358 1992 tuto
379 1961 539 2001 reposuit?
562 1961 637 1999 Quis
657 1962 793 2002 denique
813 1964 908 2001 caput
922 1964 1013 1992 tuum
1027 1962 1211 1992 damnatum
1224 1962 1254 1998 ¹³,
1276 1964 1323 1993 tot
1345 1961 1490 2001 periculis
1504 1962 1690 2002 expositum,

179 2019 239 2049 nisi
259 2019 284 2048 is
306 2019 357 2049 cui
380 2019 483 2050 fuerat
505 2021 729 2056 consecratum,
751 2019 887 2049 servavit
907 2019 1083 2050 incolume?
1097 2020 1125 2050 ¹⁶.

191 2095 198 2110 ¹
221 2094 270 2128 Ep.
292 2094 308 2122 1.
330 2094 361 2130 L,
382 2102 423 2128 ep.
444 2095 501 2129 XL,
524 2103 547 2122 v.
566 2094 609 2123 27.
957 2097 975 2113 ¹¹
998 2096 1042 2122 ΒΥ.
1067 2096 1098 2122 1121
1126 2095 1153 2122 in
1182 2094 1318 2130 margine:
1344 2095 1418 2123 Nota
1444 2096 1517 2122 1111110
1543 2094 1641 2130 locum,
1667 2096 1695 2123 et

189 2140 200 2156 ἵ
220 2138 273 2166 Nei
292 2139 377 2166 codici
399 2148 489 2167 arsam
991 2140 1101 2167 1111011110
1122 2139 1285 2175 diligentius
1299 2139 1366 2174 quid
1379 2139 1432 2168 sibi
1447 2139 1515 2167 velit
1533 2140 1591 2167 haec
1609 2140 1698 2168 oratio

188 2185 198 2199 ³
218 2183 271 2210 Nel
291 2184 322 2210 G.
343 2191 424 2210 senza
443 2183 462 2211 il
484 2183 550 2212 val-z
581 2184 613 2211 In
640 2192 700 2210 esso
720 2184 743 2210 12³
767 2184 841 2211 fix-ma
868 2184 918 2211 Pc-
991 2185 1021 2211 de
1042 2184 1105 2211 belli
1125 2184 1234 2219 fragore
1261 2184 1288 2210 et
1312 2184 1409 2218 patriae
1436 2183 1573 2218 populata*
1599 2183 1697 2212 ruinis.

215 2229 277 2254 trau<
297 2228 412 2255 Paulus
432 2229 499 2255 tuas
991 2245 1024 2248 —
1043 2228 1096 2256 Nol
1116 2228 1176 2255 PM.
1196 2230 1296 2263 questa
1314 2229 1381 2255 nota
1400 2230 1414 2254 ὸ
1434 2227 1560 2260 inserita,
1574 2230 1607 2255 1ιύ
1620 2229 1695 2256 tutta

192 2273 200 2289 '¹
221 2272 266 2299 Dr.
286 2282 298 2297 ν,
319 2272 380 2300 ΡΜ.
406 2272 539 2307 Verqerio
552 2273 636 2307 patri
658 2272 686 2299 P.
708 2274 736 2301 P.
759 2273 790 2301 V.
811 2273 892 2307 silius
991 2273 1118 2307 correns,
1139 2272 1184 2300 nel
1203 2273 1277 2300 testo
1297 2280 1370 2300 come
1390 2280 1441 2300 sua.
1454 2273 1532 2307 parte
1545 2271 1697 2308 integrale3

190 2318 201 2335 ⁵
219 2316 265 2344 ΒΓ.
285 2317 347 2350 ejus
366 2317 455 2347 diem:
477 2317 538 2344 PM.
558 2317 602 2344 Gr.
628 2318 690 2351 ejus
713 2317 840 2349 domini;
862 2318 916 2344 PP.
990 2317 1099 2345 sconcio
1119 2317 1168 2344 che
1187 2316 1377 2345 l'annotatore
1396 2316 1469 2343 dello
1493 2317 1583 2345 stesso
1606 2315 1697 2344 codice

214 2369 280 2388 eum
299 2361 374 2388 diem
991 2362 1113 2389 avvertc.

191 2407 202 2422 ⁶
222 2406 283 2434 PM.
304 2405 350 2433 Gr.
363 2406 543 2440 percipimus
955 2407 977 2424 ¹2
996 2406 1051 2434 PP.
1070 2406 1204 2434 ardentes

190 2451 201 2467 ⁷
221 2450 282 2478 PM.
302 2450 348 2478 Gr.
367 2449 413 2477 liis
430 2450 481 2484 qui
957 2451 978 2468 ¹3
997 2450 1042 2478 Gr.
1062 2459 1096 2478 ac
1115 2451 1190 2478 tutos

192 2496 202 2511 8
222 2495 268 2521 Br.
296 2502 457 2529 servoruum
488 2494 547 2522 PM.
577 2495 623 2524 Gr.
651 2496 837 2530 scrvitorum3
864 2495 919 2523 PP.
958 2496 978 2513 ¹⁴
999 2495 1044 2522 Gr.
1064 2494 1095 2522 1η
1109 2495 1211 2529 patria

216 2540 343 2566 servatos
958 2541 980 2557 ¹5
998 2538 1051 2567 Nei
1070 2538 1157 2567 codici
1175 2539 1397 2567 condemnatum

193 2585 204 2599 ⁹
224 2583 278 2611 PP.
300 2583 470 2611 liberalitate
960 2585 981 2601 ¹⁶
1002 2584 1056 2612 PP.
1076 2584 1143 2612 nota
1161 2583 1210 2611 che
1229 2583 1258 2611 la
1274 2583 1374 2612 lettera
1392 2585 1406 2610 e
1425 2583 1595 2619 incompleta

185 2628 206 2644 ¹⁰
224 2626 286 2655 cosi
306 2627 361 2661 B1·.,
381 2627 428 2655 Gr.
447 2636 461 2655 e
481 2628 556 2663 PM.;
576 2628 630 2656 PP.
649 2637 827 2657 communem
