<?xml version="1.0" encoding="UTF-8"?>
<!DOCTYPE html PUBLIC "-//W3C//DTD XHTML 1.0 Transitional//EN"
    "http://www.w3.org/TR/xhtml1/DTD/xhtml1-transitional.dtd">
<html xmlns="http://www.w3.org/1999/xhtml" xml:lang="en" lang="en">
 <head>
  <title>
</title>
<meta http-equiv="Content-Type" content="text/html;charset=utf-8" />
  <meta name='ocr-system' content='tesseract 3.04.00' />
  <meta name='ocr-capabilities' content='ocr_page ocr_carea ocr_par ocr_line ocrx_word'/>
</head>
<body>
  <div class='ocr_page' id='page_1' title='image "./epistole00verguoft_0116.png"; bbox 0 0 1845 3076; ppageno 0'>
   <div class='ocr_carea' id='block_1_1' title="bbox 244 163 262 192">
    <p class='ocr_par' dir='ltr' id='par_1_1' title="bbox 244 163 262 192">
     <span class='ocr_line' id='line_1_1' title="bbox 244 163 262 192; baseline 0 -7"><span class='ocrx_word' id='word_1_1' title='bbox 244 163 262 192; x_wconf 78' lang='lat'>4</span> 
     </span>
    </p>
   </div>
   <div class='ocr_carea' id='block_1_2' title="bbox 265 163 282 192">
    <p class='ocr_par' dir='ltr' id='par_1_2' title="bbox 265 163 282 192">
     <span class='ocr_line' id='line_1_2' title="bbox 265 163 282 192; textangle 90"><span class='ocrx_word' id='word_1_2' title='bbox 265 163 282 192; x_wconf 61' lang='grc' dir='ltr'>«Ὤ</span> 
     </span>
    </p>
   </div>
   <div class='ocr_carea' id='block_1_3' title="bbox 871 168 1115 192">
    <p class='ocr_par' dir='ltr' id='par_1_3' title="bbox 871 168 1115 192">
     <span class='ocr_line' id='line_1_3' title="bbox 871 168 1115 192; baseline 0.004 -1"><span class='ocrx_word' id='word_1_3' title='bbox 871 170 897 192; x_wconf 87' lang='grc' dir='ltr'>Ρ.</span> <span class='ocrx_word' id='word_1_4' title='bbox 919 169 943 191; x_wconf 88' lang='lat' dir='ltr'>P.</span> <span class='ocrx_word' id='word_1_5' title='bbox 967 168 1115 192; x_wconf 70' lang='lat' dir='ltr'>VERGERIO</span> 
     </span>
    </p>
   </div>
   <div class='ocr_carea' id='block_1_4' title="bbox 236 251 1759 1838">
    <p class='ocr_par' dir='ltr' id='par_1_4' title="bbox 236 251 1759 1838">
     <span class='ocr_line' id='line_1_4' title="bbox 241 251 1754 293; baseline 0 -9"><span class='ocrx_word' id='word_1_6' title='bbox 241 263 348 289; x_wconf 79' lang='lat' dir='ltr'>essem,</span> <span class='ocrx_word' id='word_1_7' title='bbox 370 253 425 284; x_wconf 91' lang='lat' dir='ltr'>ubi</span> <span class='ocrx_word' id='word_1_8' title='bbox 443 255 474 283; x_wconf 88' lang='lat' dir='ltr'>et</span> <span class='ocrx_word' id='word_1_9' title='bbox 487 252 644 283; x_wconf 89' lang='lat' dir='ltr'>neminem</span> <span class='ocrx_word' id='word_1_10' title='bbox 662 252 832 292; x_wconf 82' lang='lat' dir='ltr'>jucundius</span> <span class='ocrx_word' id='word_1_11' title='bbox 853 252 917 282; x_wconf 87' lang='lat' dir='ltr'>vidi</span> <span class='ocrx_word' id='word_1_12' title='bbox 940 255 972 283; x_wconf 85' lang='lat' dir='ltr'>et</span> <span class='ocrx_word' id='word_1_13' title='bbox 987 251 1108 283; x_wconf 87' lang='lat' dir='ltr'>avidius</span> <span class='ocrx_word' id='word_1_14' title='bbox 1122 251 1201 282; x_wconf 85' lang='lat' dir='ltr'>nibil</span> <span class='ocrx_word' id='word_1_15' title='bbox 1216 251 1364 291; x_wconf 83' lang='lat' dir='ltr'>quaesivi,</span> <span class='ocrx_word' id='word_1_16' title='bbox 1386 261 1576 292; x_wconf 77' lang='lat' dir='ltr'>magnopere</span> <span class='ocrx_word' id='word_1_17' title='bbox 1591 252 1649 283; x_wconf 88' lang='lat' dir='ltr'>hoc</span> <span class='ocrx_word' id='word_1_18' title='bbox 1663 262 1754 293; x_wconf 80' lang='lat' dir='ltr'>expe-</span> 
     </span>
     <span class='ocr_line' id='line_1_5' title="bbox 241 307 1749 349; baseline 0 -9"><span class='ocrx_word' id='word_1_19' title='bbox 241 309 323 340; x_wconf 85' lang='lat' dir='ltr'>tenti</span> <span class='ocrx_word' id='word_1_20' title='bbox 343 309 499 349; x_wconf 75' lang='lat' dir='ltr'>pollicitus</span> <span class='ocrx_word' id='word_1_21' title='bbox 513 319 592 346; x_wconf 85' lang='lat' dir='ltr'>sum,</span> <span class='ocrx_word' id='word_1_22' title='bbox 614 311 646 339; x_wconf 91' lang='lat' dir='ltr'>et</span> <span class='ocrx_word' id='word_1_23' title='bbox 661 308 772 340; x_wconf 88' lang='lat' dir='ltr'>crebro</span> <span class='ocrx_word' id='word_1_24' title='bbox 786 311 818 339; x_wconf 89' lang='lat' dir='ltr'>et</span> <span class='ocrx_word' id='word_1_25' title='bbox 832 308 969 339; x_wconf 87' lang='lat' dir='ltr'>multum</span> <span class='ocrx_word' id='word_1_26' title='bbox 984 319 1033 339; x_wconf 88' lang='lat' dir='ltr'>me</span> <span class='ocrx_word' id='word_1_27' title='bbox 1055 308 1084 339; x_wconf 88' lang='lat' dir='ltr'>ei</span> <span class='ocrx_word' id='word_1_28' title='bbox 1100 309 1109 325; x_wconf 82' lang='lat'>¹</span> <span class='ocrx_word' id='word_1_29' title='bbox 1135 307 1334 348; x_wconf 74' lang='lat' dir='ltr'>scripturum,</span> <span class='ocrx_word' id='word_1_30' title='bbox 1357 317 1420 338; x_wconf 88' lang='lat' dir='ltr'>non</span> <span class='ocrx_word' id='word_1_31' title='bbox 1433 308 1569 348; x_wconf 89' lang='lat' dir='ltr'>quidem,</span> <span class='ocrx_word' id='word_1_32' title='bbox 1581 311 1618 339; x_wconf 91' lang='lat' dir='ltr'>ut</span> <span class='ocrx_word' id='word_1_33' title='bbox 1632 309 1749 348; x_wconf 85' lang='lat' dir='ltr'>opinor,</span> 
     </span>
     <span class='ocr_line' id='line_1_6' title="bbox 242 365 1752 406; baseline 0.001 -10"><span class='ocrx_word' id='word_1_34' title='bbox 242 365 327 406; x_wconf 78' lang='lat' dir='ltr'>quod</span> <span class='ocrx_word' id='word_1_35' title='bbox 351 366 363 382; x_wconf 76' lang='lat'><strong>²</strong></span> <span class='ocrx_word' id='word_1_36' title='bbox 382 366 455 396; x_wconf 81' lang='lat' dir='ltr'>insit</span> <span class='ocrx_word' id='word_1_37' title='bbox 479 366 544 397; x_wconf 80' lang='lat' dir='ltr'>ulla</span> <span class='ocrx_word' id='word_1_38' title='bbox 564 365 699 397; x_wconf 80' lang='lat' dir='ltr'>orationi</span> <span class='ocrx_word' id='word_1_39' title='bbox 724 376 812 397; x_wconf 86' lang='lat' dir='ltr'>meae</span> <span class='ocrx_word' id='word_1_40' title='bbox 831 365 976 406; x_wconf 74' lang='lat' dir='ltr'>dignitas⁷</span> <span class='ocrx_word' id='word_1_41' title='bbox 1000 375 1082 405; x_wconf 89' lang='lat' dir='ltr'>quae</span> <span class='ocrx_word' id='word_1_42' title='bbox 1104 365 1280 405; x_wconf 77' lang='lat' dir='ltr'>expetenda</span> <span class='ocrx_word' id='word_1_43' title='bbox 1305 365 1419 402; x_wconf 85' lang='lat' dir='ltr'>veniat,</span> <span class='ocrx_word' id='word_1_44' title='bbox 1441 365 1495 396; x_wconf 85' lang='lat' dir='ltr'>sed</span> <span class='ocrx_word' id='word_1_45' title='bbox 1519 365 1603 405; x_wconf 89' lang='lat' dir='ltr'>quod</span> <span class='ocrx_word' id='word_1_46' title='bbox 1624 366 1728 397; x_wconf 84' lang='lat' dir='ltr'>dicere</span> <span class='ocrx_word' id='word_1_47' title='bbox 1741 366 1752 383; x_wconf 84' lang='lat'><strong>³</strong></span> 
     </span>
     <span class='ocr_line' id='line_1_7' title="bbox 242 421 1754 463; baseline 0 -9"><span class='ocrx_word' id='word_1_48' title='bbox 242 423 337 454; x_wconf 81' lang='lat' dir='ltr'>vellet</span> <span class='ocrx_word' id='word_1_49' title='bbox 360 423 407 454; x_wconf 87' lang='lat' dir='ltr'>vir</span> <span class='ocrx_word' id='word_1_50' title='bbox 429 423 513 454; x_wconf 87' lang='lat' dir='ltr'>omni</span> <span class='ocrx_word' id='word_1_51' title='bbox 545 423 671 454; x_wconf 84' lang='lat' dir='ltr'>virtutis</span> <span class='ocrx_word' id='word_1_52' title='bbox 694 433 824 454; x_wconf 85' lang='lat' dir='ltr'>numero</span> <span class='ocrx_word' id='word_1_53' title='bbox 855 422 1023 462; x_wconf 74' lang='lat' dir='ltr'>perfectus,</span> <span class='ocrx_word' id='word_1_54' title='bbox 1055 432 1136 461; x_wconf 83' lang='lat' dir='ltr'>quae</span> <span class='ocrx_word' id='word_1_55' title='bbox 1156 421 1256 453; x_wconf 82' lang='lat' dir='ltr'>officia</span> <span class='ocrx_word' id='word_1_56' title='bbox 1286 422 1320 452; x_wconf 89' lang='lat' dir='ltr'>in</span> <span class='ocrx_word' id='word_1_57' title='bbox 1341 422 1494 453; x_wconf 80' lang='lat' dir='ltr'>habendis</span> <span class='ocrx_word' id='word_1_58' title='bbox 1516 422 1526 438; x_wconf 75' lang='lat'>⁴¹</span> <span class='ocrx_word' id='word_1_59' title='bbox 1547 422 1754 463; x_wconf 78' lang='lat' dir='ltr'>tenendisque</span> 
     </span>
     <span class='ocr_line' id='line_1_8' title="bbox 241 478 1751 520; baseline -0.001 -9"><span class='ocrx_word' id='word_1_60' title='bbox 241 480 387 511; x_wconf 73' lang='lat' dir='ltr'>amicitiis</span> <span class='ocrx_word' id='word_1_61' title='bbox 417 480 536 511; x_wconf 73' lang='lat' dir='ltr'>servari</span> <span class='ocrx_word' id='word_1_62' title='bbox 556 480 744 511; x_wconf 85' lang='lat' dir='ltr'>conveniret.</span> <span class='ocrx_word' id='word_1_63' title='bbox 768 479 804 510; x_wconf 86' lang='lat' dir='ltr'>Id</span> <span class='ocrx_word' id='word_1_64' title='bbox 825 490 881 520; x_wconf 81' lang='lat' dir='ltr'>ego</span> <span class='ocrx_word' id='word_1_65' title='bbox 902 479 1036 510; x_wconf 83' lang='lat' dir='ltr'>necdum</span> <span class='ocrx_word' id='word_1_66' title='bbox 1056 479 1067 495; x_wconf 80' lang='lat'>⁵</span> <span class='ocrx_word' id='word_1_67' title='bbox 1092 479 1234 519; x_wconf 86' lang='lat' dir='ltr'>praestiti</span> <span class='ocrx_word' id='word_1_68' title='bbox 1264 489 1303 510; x_wconf 89' lang='lat' dir='ltr'>ne</span> <span class='ocrx_word' id='word_1_69' title='bbox 1334 478 1429 509; x_wconf 88' lang='lat' dir='ltr'>semel</span> <span class='ocrx_word' id='word_1_70' title='bbox 1451 479 1588 519; x_wconf 82' lang='lat' dir='ltr'>quidem,</span> <span class='ocrx_word' id='word_1_71' title='bbox 1618 489 1676 510; x_wconf 82' lang='lat' dir='ltr'>neo</span> <span class='ocrx_word' id='word_1_72' title='bbox 1702 482 1751 511; x_wconf 84' lang='lat' dir='ltr'>est</span> 
     </span>
     <span class='ocr_line' id='line_1_9' title="bbox 242 535 1752 577; baseline 0 -10"><span class='ocrx_word' id='word_1_73' title='bbox 242 537 327 577; x_wconf 83' lang='lat' dir='ltr'>quod</span> <span class='ocrx_word' id='word_1_74' title='bbox 347 536 501 577; x_wconf 85' lang='lat' dir='ltr'>quidquid</span> <span class='ocrx_word' id='word_1_75' title='bbox 523 537 533 553; x_wconf 72' lang='lat'><strong>⁶</strong></span> <span class='ocrx_word' id='word_1_76' title='bbox 555 547 699 568; x_wconf 78' lang='lat' dir='ltr'>excusem</span> <span class='ocrx_word' id='word_1_77' title='bbox 714 537 942 576; x_wconf 72' lang='lat' dir='ltr'>occupationes,</span> <span class='ocrx_word' id='word_1_78' title='bbox 956 536 1011 576; x_wconf 83' lang='lat' dir='ltr'>qui</span> <span class='ocrx_word' id='word_1_79' title='bbox 1025 535 1114 566; x_wconf 87' lang='lat' dir='ltr'>nulla</span> <span class='ocrx_word' id='word_1_80' title='bbox 1128 546 1162 567; x_wconf 93' lang='lat' dir='ltr'>re</span> <span class='ocrx_word' id='word_1_81' title='bbox 1178 535 1288 566; x_wconf 85' lang='lat' dir='ltr'>melius</span> <span class='ocrx_word' id='word_1_82' title='bbox 1303 536 1449 575; x_wconf 84' lang='lat' dir='ltr'>occupari</span> <span class='ocrx_word' id='word_1_83' title='bbox 1463 536 1575 576; x_wconf 87' lang='lat' dir='ltr'>possim</span> <span class='ocrx_word' id='word_1_84' title='bbox 1588 536 1608 573; x_wconf 87' lang='lat'>⁷,</span> <span class='ocrx_word' id='word_1_85' title='bbox 1633 537 1752 577; x_wconf 89' lang='lat' dir='ltr'>quique</span> 
     </span>
     <span class='ocr_line' id='line_1_10' title="bbox 242 592 1756 633; baseline 0 -9"><span class='ocrx_word' id='word_1_86' title='bbox 242 594 331 625; x_wconf 84' lang='lat' dir='ltr'>nulla</span> <span class='ocrx_word' id='word_1_87' title='bbox 352 605 396 631; x_wconf 84' lang='lat' dir='ltr'>re,</span> <span class='ocrx_word' id='word_1_88' title='bbox 417 594 478 625; x_wconf 88' lang='lat' dir='ltr'>nisi</span> <span class='ocrx_word' id='word_1_89' title='bbox 498 594 607 631; x_wconf 74' lang='lat' dir='ltr'>literis,</span> <span class='ocrx_word' id='word_1_90' title='bbox 629 596 799 633; x_wconf 80' lang='lat' dir='ltr'>occupatus</span> <span class='ocrx_word' id='word_1_91' title='bbox 821 593 886 624; x_wconf 85' lang='lat' dir='ltr'>sim.</span> <span class='ocrx_word' id='word_1_92' title='bbox 910 592 1161 624; x_wconf 85' lang='lat' dir='ltr'>Invaletudinem</span> <span class='ocrx_word' id='word_1_93' title='bbox 1182 593 1192 609; x_wconf 73' lang='lat'>²³</span> <span class='ocrx_word' id='word_1_94' title='bbox 1214 596 1244 623; x_wconf 85' lang='lat' dir='ltr'>et</span> <span class='ocrx_word' id='word_1_95' title='bbox 1268 593 1278 609; x_wconf 72' lang='lat'><strong>⁹</strong></span> <span class='ocrx_word' id='word_1_96' title='bbox 1305 593 1432 624; x_wconf 87' lang='lat' dir='ltr'>mentiri</span> <span class='ocrx_word' id='word_1_97' title='bbox 1458 593 1486 624; x_wconf 91' lang='lat' dir='ltr'>ei</span> <span class='ocrx_word' id='word_1_98' title='bbox 1507 593 1603 633; x_wconf 86' lang='lat' dir='ltr'>polim</span> <span class='ocrx_word' id='word_1_99' title='bbox 1618 593 1648 630; x_wconf 77' lang='lat'>¹⁰,</span> <span class='ocrx_word' id='word_1_100' title='bbox 1671 596 1703 624; x_wconf 88' lang='lat' dir='ltr'>et</span> <span class='ocrx_word' id='word_1_101' title='bbox 1729 594 1756 624; x_wconf 89' lang='lat' dir='ltr'>si</span> 
     </span>
     <span class='ocr_line' id='line_1_11' title="bbox 246 649 1755 691; baseline -0.001 -9"><span class='ocrx_word' id='word_1_102' title='bbox 246 651 391 688; x_wconf 82' lang='lat' dir='ltr'>mentiar,</span> <span class='ocrx_word' id='word_1_103' title='bbox 414 651 517 682; x_wconf 81' lang='lat' dir='ltr'>refelli</span> <span class='ocrx_word' id='word_1_104' title='bbox 536 651 628 682; x_wconf 85' lang='lat' dir='ltr'>facile</span> <span class='ocrx_word' id='word_1_105' title='bbox 658 651 771 691; x_wconf 86' lang='lat' dir='ltr'>possim</span> <span class='ocrx_word' id='word_1_106' title='bbox 792 651 930 690; x_wconf 84' lang='lat' dir='ltr'>inopiam</span> <span class='ocrx_word' id='word_1_107' title='bbox 953 650 1145 688; x_wconf 85' lang='lat' dir='ltr'>nuntiorum⁷</span> <span class='ocrx_word' id='word_1_108' title='bbox 1177 649 1303 690; x_wconf 83' lang='lat' dir='ltr'>quando</span> <span class='ocrx_word' id='word_1_109' title='bbox 1325 650 1408 681; x_wconf 88' lang='lat' dir='ltr'>iuter</span> <span class='ocrx_word' id='word_1_110' title='bbox 1429 650 1485 681; x_wconf 87' lang='lat' dir='ltr'>has</span> <span class='ocrx_word' id='word_1_111' title='bbox 1508 651 1664 690; x_wconf 82' lang='lat' dir='ltr'>proximas</span> <span class='ocrx_word' id='word_1_112' title='bbox 1685 650 1755 681; x_wconf 83' lang='lat' dir='ltr'>civi·</span> 
     </span>
     <span class='ocr_line' id='line_1_12' title="bbox 244 706 1753 748; baseline -0.001 -9"><span class='ocrx_word' id='word_1_113' title='bbox 244 711 327 740; x_wconf 80' lang='lat' dir='ltr'>tates</span> <span class='ocrx_word' id='word_1_114' title='bbox 348 708 599 740; x_wconf 81' lang='lat' dir='ltr'>communissima</span> <span class='ocrx_word' id='word_1_115' title='bbox 629 710 703 738; x_wconf 90' lang='lat' dir='ltr'>sunt</span> <span class='ocrx_word' id='word_1_116' title='bbox 729 708 891 745; x_wconf 84' lang='lat' dir='ltr'>comercia,</span> <span class='ocrx_word' id='word_1_117' title='bbox 923 707 1037 746; x_wconf 71' lang='lat' dir='ltr'>vixque</span> <span class='ocrx_word' id='word_1_118' title='bbox 1069 706 1156 737; x_wconf 85' lang='lat' dir='ltr'>aliud</span> <span class='ocrx_word' id='word_1_119' title='bbox 1177 706 1277 737; x_wconf 89' lang='lat' dir='ltr'>ullum</span> <span class='ocrx_word' id='word_1_120' title='bbox 1309 707 1421 738; x_wconf 84' lang='lat' dir='ltr'>tritum</span> <span class='ocrx_word' id='word_1_121' title='bbox 1442 707 1542 748; x_wconf 83' lang='lat' dir='ltr'>magis</span> <span class='ocrx_word' id='word_1_122' title='bbox 1562 708 1623 739; x_wconf 85' lang='lat' dir='ltr'>iter</span> <span class='ocrx_word' id='word_1_123' title='bbox 1644 708 1692 738; x_wconf 84' lang='lat' dir='ltr'>sit.</span> <span class='ocrx_word' id='word_1_124' title='bbox 1713 725 1753 730; x_wconf 93' lang='lat'><strong>—</strong></span> 
     </span>
     <span class='ocr_line' id='line_1_13' title="bbox 244 764 1750 805; baseline -0.001 -9"><span class='ocrx_word' id='word_1_125' title='bbox 244 765 349 796; x_wconf 86' lang='lat' dir='ltr'>Unum</span> <span class='ocrx_word' id='word_1_126' title='bbox 373 767 394 783; x_wconf 83' lang='lat'>¹¹</span> <span class='ocrx_word' id='word_1_127' title='bbox 415 768 522 797; x_wconf 86' lang='lat' dir='ltr'>autem</span> <span class='ocrx_word' id='word_1_128' title='bbox 544 768 591 797; x_wconf 85' lang='lat' dir='ltr'>est</span> <span class='ocrx_word' id='word_1_129' title='bbox 612 765 694 805; x_wconf 81' lang='lat' dir='ltr'>quod</span> <span class='ocrx_word' id='word_1_130' title='bbox 716 775 765 796; x_wconf 89' lang='lat' dir='ltr'>me</span> <span class='ocrx_word' id='word_1_131' title='bbox 786 767 921 801; x_wconf 77' lang='lat' dir='ltr'>excuset,</span> <span class='ocrx_word' id='word_1_132' title='bbox 942 764 975 794; x_wconf 88' lang='lat' dir='ltr'>in</span> <span class='ocrx_word' id='word_1_133' title='bbox 999 774 1070 804; x_wconf 77' lang='lat' dir='ltr'>quo,</span> <span class='ocrx_word' id='word_1_134' title='bbox 1092 765 1117 794; x_wconf 91' lang='lat' dir='ltr'>si</span> <span class='ocrx_word' id='word_1_135' title='bbox 1140 764 1265 804; x_wconf 84' lang='lat' dir='ltr'>quando</span> <span class='ocrx_word' id='word_1_136' title='bbox 1286 764 1369 795; x_wconf 88' lang='lat' dir='ltr'>enim</span> <span class='ocrx_word' id='word_1_137' title='bbox 1384 765 1573 803; x_wconf 83' lang='lat' dir='ltr'>conveneris,</span> <span class='ocrx_word' id='word_1_138' title='bbox 1599 764 1750 796; x_wconf 80' lang='lat' dir='ltr'>defendas</span> 
     </span>
     <span class='ocr_line' id='line_1_14' title="bbox 245 821 1756 863; baseline -0.001 -9"><span class='ocrx_word' id='word_1_139' title='bbox 245 834 294 854; x_wconf 76' lang='lat' dir='ltr'>ine</span> <span class='ocrx_word' id='word_1_140' title='bbox 317 833 380 861; x_wconf 70' lang='lat' dir='ltr'>oro,</span> <span class='ocrx_word' id='word_1_141' title='bbox 403 833 595 863; x_wconf 80' lang='lat' dir='ltr'>quamquam</span> <span class='ocrx_word' id='word_1_142' title='bbox 616 823 687 861; x_wconf 72' lang='lat' dir='ltr'>scio,</span> <span class='ocrx_word' id='word_1_143' title='bbox 712 822 804 853; x_wconf 74' lang='lat' dir='ltr'>facile</span> <span class='ocrx_word' id='word_1_144' title='bbox 825 822 946 854; x_wconf 85' lang='lat' dir='ltr'>diluere</span> <span class='ocrx_word' id='word_1_145' title='bbox 968 831 1018 852; x_wconf 83' lang='lat' dir='ltr'>me</span> <span class='ocrx_word' id='word_1_146' title='bbox 1050 821 1132 852; x_wconf 82' lang='lat' dir='ltr'>hanc</span> <span class='ocrx_word' id='word_1_147' title='bbox 1157 821 1281 861; x_wconf 84' lang='lat' dir='ltr'>culpam</span> <span class='ocrx_word' id='word_1_148' title='bbox 1303 831 1399 861; x_wconf 77' lang='lat' dir='ltr'>posse,</span> <span class='ocrx_word' id='word_1_149' title='bbox 1420 822 1445 852; x_wconf 90' lang='lat' dir='ltr'>si</span> <span class='ocrx_word' id='word_1_150' title='bbox 1469 821 1560 853; x_wconf 86' lang='lat' dir='ltr'>modo</span> <span class='ocrx_word' id='word_1_151' title='bbox 1583 822 1756 862; x_wconf 84' lang='lat' dir='ltr'>aliquando</span> 
     </span>
     <span class='ocr_line' id='line_1_15' title="bbox 243 878 1753 919; baseline -0.001 -8"><span class='ocrx_word' id='word_1_152' title='bbox 243 881 386 911; x_wconf 83' lang='lat' dir='ltr'>scribam.</span> <span class='ocrx_word' id='word_1_153' title='bbox 408 880 505 911; x_wconf 80' lang='lat' dir='ltr'>Nosse</span> <span class='ocrx_word' id='word_1_154' title='bbox 527 880 609 910; x_wconf 86' lang='lat' dir='ltr'>enim</span> <span class='ocrx_word' id='word_1_155' title='bbox 631 880 708 910; x_wconf 84' lang='lat' dir='ltr'>mihi</span> <span class='ocrx_word' id='word_1_156' title='bbox 721 879 826 910; x_wconf 80' lang='lat' dir='ltr'>videor</span> <span class='ocrx_word' id='word_1_157' title='bbox 849 879 1081 910; x_wconf 76' lang='lat' dir='ltr'>humanitatem</span> <span class='ocrx_word' id='word_1_158' title='bbox 1095 878 1162 916; x_wconf 87' lang='lat' dir='ltr'>viri,</span> <span class='ocrx_word' id='word_1_159' title='bbox 1184 879 1238 910; x_wconf 87' lang='lat' dir='ltr'>sed</span> <span class='ocrx_word' id='word_1_160' title='bbox 1262 879 1308 910; x_wconf 84' lang='lat' dir='ltr'>ita</span> <span class='ocrx_word' id='word_1_161' title='bbox 1321 889 1353 910; x_wconf 83' lang='lat' dir='ltr'>se</span> <span class='ocrx_word' id='word_1_162' title='bbox 1375 888 1426 910; x_wconf 87' lang='lat' dir='ltr'>res</span> <span class='ocrx_word' id='word_1_163' title='bbox 1441 879 1546 909; x_wconf 84' lang='lat' dir='ltr'>habet.</span> <span class='ocrx_word' id='word_1_164' title='bbox 1571 879 1753 919; x_wconf 84' lang='lat' dir='ltr'>Cupiebam,</span> 
     </span>
     <span class='ocr_line' id='line_1_16' title="bbox 243 936 1754 978; baseline 0 -10"><span class='ocrx_word' id='word_1_165' title='bbox 243 938 360 978; x_wconf 83' lang='lat' dir='ltr'>primas</span> <span class='ocrx_word' id='word_1_166' title='bbox 385 937 493 968; x_wconf 78' lang='lat' dir='ltr'>literas</span> <span class='ocrx_word' id='word_1_167' title='bbox 523 937 656 968; x_wconf 86' lang='lat' dir='ltr'>daturus</span> <span class='ocrx_word' id='word_1_168' title='bbox 670 937 701 973; x_wconf 55' lang='grc' dir='ltr'>Ν,</span> <span class='ocrx_word' id='word_1_169' title='bbox 733 936 947 976; x_wconf 73' lang='lat' dir='ltr'>integritatem</span> <span class='ocrx_word' id='word_1_170' title='bbox 979 946 1068 967; x_wconf 84' lang='lat' dir='ltr'>suam</span> <span class='ocrx_word' id='word_1_171' title='bbox 1089 938 1185 976; x_wconf 76' lang='lat' dir='ltr'>atque</span> <span class='ocrx_word' id='word_1_172' title='bbox 1216 936 1424 967; x_wconf 84' lang='lat' dir='ltr'>eruditionem</span> <span class='ocrx_word' id='word_1_173' title='bbox 1454 936 1554 967; x_wconf 87' lang='lat' dir='ltr'>literis</span> <span class='ocrx_word' id='word_1_174' title='bbox 1578 936 1654 967; x_wconf 86' lang='lat' dir='ltr'>meis</span> <span class='ocrx_word' id='word_1_175' title='bbox 1676 947 1754 968; x_wconf 88' lang='lat' dir='ltr'>eom-</span> 
     </span>
     <span class='ocr_line' id='line_1_17' title="bbox 245 993 1754 1034; baseline 0 -9"><span class='ocrx_word' id='word_1_176' title='bbox 245 994 439 1034; x_wconf 79' lang='lat' dir='ltr'>prehendere</span> <span class='ocrx_word' id='word_1_177' title='bbox 474 997 505 1025; x_wconf 89' lang='lat' dir='ltr'>et</span> <span class='ocrx_word' id='word_1_178' title='bbox 525 1004 621 1034; x_wconf 81' lang='lat' dir='ltr'>quam</span> <span class='ocrx_word' id='word_1_179' title='bbox 652 994 738 1024; x_wconf 79' lang='lat' dir='ltr'>clara</span> <span class='ocrx_word' id='word_1_180' title='bbox 750 994 771 1010; x_wconf 74' lang='lat'>¹³³</span> <span class='ocrx_word' id='word_1_181' title='bbox 793 1003 913 1033; x_wconf 85' lang='lat' dir='ltr'>possem</span> <span class='ocrx_word' id='word_1_182' title='bbox 945 994 1084 1024; x_wconf 84' lang='lat' dir='ltr'>oratione</span> <span class='ocrx_word' id='word_1_183' title='bbox 1107 993 1276 1030; x_wconf 81' lang='lat' dir='ltr'>celebrare,</span> <span class='ocrx_word' id='word_1_184' title='bbox 1299 994 1340 1024; x_wconf 81' lang='lat' dir='ltr'>ad</span> <span class='ocrx_word' id='word_1_185' title='bbox 1371 993 1455 1033; x_wconf 85' lang='lat' dir='ltr'>quod</span> <span class='ocrx_word' id='word_1_186' title='bbox 1476 1003 1516 1024; x_wconf 91' lang='lat' dir='ltr'>ne</span> <span class='ocrx_word' id='word_1_187' title='bbox 1538 993 1605 1024; x_wconf 86' lang='lat' dir='ltr'>ulla</span> <span class='ocrx_word' id='word_1_188' title='bbox 1626 993 1754 1034; x_wconf 88' lang='lat' dir='ltr'>quidem</span> 
     </span>
     <span class='ocr_line' id='line_1_18' title="bbox 240 1050 1751 1092; baseline 0 -11"><span class='ocrx_word' id='word_1_189' title='bbox 240 1051 408 1092; x_wconf 78' lang='lat' dir='ltr'>posteritas</span> <span class='ocrx_word' id='word_1_190' title='bbox 422 1051 516 1091; x_wconf 72' lang='lat' dir='ltr'>digne</span> <span class='ocrx_word' id='word_1_191' title='bbox 530 1050 699 1082; x_wconf 81' lang='lat' dir='ltr'>suffectura</span> <span class='ocrx_word' id='word_1_192' title='bbox 713 1051 789 1081; x_wconf 85' lang='grc'>1111111</span> <span class='ocrx_word' id='word_1_193' title='bbox 803 1050 927 1081; x_wconf 77' lang='lat' dir='ltr'>videtur</span> <span class='ocrx_word' id='word_1_194' title='bbox 943 1051 973 1081; x_wconf 81' lang='lat'>¹⁴.</span> <span class='ocrx_word' id='word_1_195' title='bbox 997 1050 1169 1090; x_wconf 84' lang='lat' dir='ltr'>Cupiebam</span> <span class='ocrx_word' id='word_1_196' title='bbox 1184 1050 1363 1087; x_wconf 82' lang='lat' dir='ltr'>inscribere,</span> <span class='ocrx_word' id='word_1_197' title='bbox 1378 1053 1496 1090; x_wconf 89' lang='lat' dir='ltr'>quanto</span> <span class='ocrx_word' id='word_1_198' title='bbox 1510 1050 1664 1082; x_wconf 90' lang='lat' dir='ltr'>desiderio</span> <span class='ocrx_word' id='word_1_199' title='bbox 1685 1051 1714 1082; x_wconf 92' lang='lat' dir='ltr'>ei</span> <span class='ocrx_word' id='word_1_200' title='bbox 1730 1052 1751 1068; x_wconf 80' lang='lat'>¹⁵</span> 
     </span>
     <span class='ocr_line' id='line_1_19' title="bbox 243 1107 1752 1148; baseline 0 -9"><span class='ocrx_word' id='word_1_201' title='bbox 243 1118 340 1139; x_wconf 67' lang='lat' dir='ltr'>esseni</span> <span class='ocrx_word' id='word_1_202' title='bbox 359 1107 497 1145; x_wconf 76' lang='lat' dir='ltr'>affectus,</span> <span class='ocrx_word' id='word_1_203' title='bbox 513 1118 671 1148; x_wconf 83' lang='lat' dir='ltr'>quamque</span> <span class='ocrx_word' id='word_1_204' title='bbox 686 1109 707 1124; x_wconf 66' lang='lat'>¹⁶</span> <span class='ocrx_word' id='word_1_205' title='bbox 721 1107 811 1138; x_wconf 88' lang='lat' dir='ltr'>illum</span> <span class='ocrx_word' id='word_1_206' title='bbox 826 1107 961 1138; x_wconf 84' lang='lat' dir='ltr'>colerem</span> <span class='ocrx_word' id='word_1_207' title='bbox 977 1108 1007 1144; x_wconf 78' lang='lat'>¹⁷,</span> <span class='ocrx_word' id='word_1_208' title='bbox 1032 1118 1069 1138; x_wconf 83' lang='lat' dir='ltr'>ac</span> <span class='ocrx_word' id='word_1_209' title='bbox 1096 1110 1243 1139; x_wconf 82' lang='lat' dir='ltr'>neutrum</span> <span class='ocrx_word' id='word_1_210' title='bbox 1265 1107 1393 1147; x_wconf 84' lang='lat' dir='ltr'>quidem</span> <span class='ocrx_word' id='word_1_211' title='bbox 1416 1117 1454 1138; x_wconf 81' lang='lat' dir='ltr'>ex</span> <span class='ocrx_word' id='word_1_212' title='bbox 1479 1107 1669 1145; x_wconf 76' lang='lat' dir='ltr'>adulatione,</span> <span class='ocrx_word' id='word_1_213' title='bbox 1695 1108 1752 1139; x_wconf 80' lang='lat' dir='ltr'>sed</span> 
     </span>
     <span class='ocr_line' id='line_1_20' title="bbox 239 1165 1747 1206; baseline 0.001 -10"><span class='ocrx_word' id='word_1_214' title='bbox 239 1167 294 1206; x_wconf 79' lang='lat' dir='ltr'>qui</span> <span class='ocrx_word' id='word_1_215' title='bbox 315 1166 437 1202; x_wconf 83' lang='lat' dir='ltr'>vellem,</span> <span class='ocrx_word' id='word_1_216' title='bbox 458 1176 507 1196; x_wconf 87' lang='lat' dir='ltr'>me</span> <span class='ocrx_word' id='word_1_217' title='bbox 528 1166 630 1205; x_wconf 82' lang='lat' dir='ltr'>ipsam</span> <span class='ocrx_word' id='word_1_218' title='bbox 643 1166 664 1182; x_wconf 68' lang='lat'>¹³</span> <span class='ocrx_word' id='word_1_219' title='bbox 685 1175 905 1205; x_wconf 73' lang='lat' dir='ltr'>recognoscere</span> <span class='ocrx_word' id='word_1_220' title='bbox 926 1165 1086 1204; x_wconf 82' lang='lat' dir='ltr'>virtutem,</span> <span class='ocrx_word' id='word_1_221' title='bbox 1107 1175 1209 1205; x_wconf 79' lang='lat' dir='ltr'>neque</span> <span class='ocrx_word' id='word_1_222' title='bbox 1226 1166 1246 1182; x_wconf 50' lang='grc' dir='ltr'><em>Ψ</em></span> <span class='ocrx_word' id='word_1_223' title='bbox 1274 1168 1429 1205; x_wconf 85' lang='lat' dir='ltr'>quantum</span> <span class='ocrx_word' id='word_1_224' title='bbox 1450 1165 1525 1196; x_wconf 82' lang='lat' dir='ltr'>satis</span> <span class='ocrx_word' id='word_1_225' title='bbox 1546 1168 1626 1196; x_wconf 86' lang='lat' dir='ltr'>esset</span> <span class='ocrx_word' id='word_1_226' title='bbox 1647 1168 1678 1196; x_wconf 88' lang='lat' dir='ltr'>et</span> <span class='ocrx_word' id='word_1_227' title='bbox 1700 1176 1747 1197; x_wconf 90' lang='lat' dir='ltr'>co-</span> 
     </span>
     <span class='ocr_line' id='line_1_21' title="bbox 239 1221 1753 1263; baseline 0 -9"><span class='ocrx_word' id='word_1_228' title='bbox 239 1233 421 1263; x_wconf 74' lang='lat' dir='ltr'>gnoscerem</span> <span class='ocrx_word' id='word_1_229' title='bbox 442 1226 473 1254; x_wconf 89' lang='lat' dir='ltr'>et</span> <span class='ocrx_word' id='word_1_230' title='bbox 494 1233 643 1254; x_wconf 84' lang='lat' dir='ltr'>amarem.</span> <span class='ocrx_word' id='word_1_231' title='bbox 664 1223 701 1253; x_wconf 82' lang='lat' dir='ltr'>In</span> <span class='ocrx_word' id='word_1_232' title='bbox 723 1233 787 1263; x_wconf 84' lang='lat' dir='ltr'>qua</span> <span class='ocrx_word' id='word_1_233' title='bbox 807 1232 841 1253; x_wconf 87' lang='lat' dir='ltr'>re</span> <span class='ocrx_word' id='word_1_234' title='bbox 855 1222 934 1253; x_wconf 90' lang='lat' dir='ltr'>illud</span> <span class='ocrx_word' id='word_1_235' title='bbox 955 1222 1051 1253; x_wconf 88' lang='lat' dir='ltr'>inme</span> <span class='ocrx_word' id='word_1_236' title='bbox 1072 1222 1192 1253; x_wconf 87' lang='lat' dir='ltr'>dudum</span> <span class='ocrx_word' id='word_1_237' title='bbox 1207 1222 1409 1262; x_wconf 84' lang='lat' dir='ltr'>deprehendi.</span> <span class='ocrx_word' id='word_1_238' title='bbox 1430 1221 1715 1263; x_wconf 81' lang='lat' dir='ltr'>Cognosceremque</span> <span class='ocrx_word' id='word_1_239' title='bbox 1730 1224 1753 1240; x_wconf 71' lang='lat'>2⁰</span> 
     </span>
     <span class='ocr_line' id='line_1_22' title="bbox 240 1279 1754 1320; baseline 0.001 -10"><span class='ocrx_word' id='word_1_240' title='bbox 240 1280 367 1320; x_wconf 84' lang='lat' dir='ltr'>quidem</span> <span class='ocrx_word' id='word_1_241' title='bbox 388 1281 408 1297; x_wconf 74' lang='lat'>‘²¹</span> <span class='ocrx_word' id='word_1_242' title='bbox 431 1282 587 1320; x_wconf 85' lang='lat' dir='ltr'>quantum</span> <span class='ocrx_word' id='word_1_243' title='bbox 608 1283 664 1311; x_wconf 80' lang='lat' dir='ltr'>aut</span> <span class='ocrx_word' id='word_1_244' title='bbox 683 1279 840 1310; x_wconf 87' lang='lat' dir='ltr'>industria</span> <span class='ocrx_word' id='word_1_245' title='bbox 861 1282 916 1310; x_wconf 86' lang='lat' dir='ltr'>aut</span> <span class='ocrx_word' id='word_1_246' title='bbox 937 1279 1042 1310; x_wconf 83' lang='lat' dir='ltr'>studio</span> <span class='ocrx_word' id='word_1_247' title='bbox 1062 1279 1139 1310; x_wconf 87' lang='lat' dir='ltr'>mihi</span> <span class='ocrx_word' id='word_1_248' title='bbox 1158 1279 1267 1310; x_wconf 86' lang='lat' dir='ltr'>liceret</span> <span class='ocrx_word' id='word_1_249' title='bbox 1287 1290 1403 1316; x_wconf 84' lang='lat' dir='ltr'>amare,</span> <span class='ocrx_word' id='word_1_250' title='bbox 1425 1282 1509 1311; x_wconf 85' lang='lat' dir='ltr'>certe</span> <span class='ocrx_word' id='word_1_251' title='bbox 1530 1283 1684 1320; x_wconf 85' lang='lat' dir='ltr'>quantum</span> <span class='ocrx_word' id='word_1_252' title='bbox 1706 1291 1754 1312; x_wconf 84' lang='lat' dir='ltr'>co-</span> 
     </span>
     <span class='ocr_line' id='line_1_23' title="bbox 237 1337 1753 1378; baseline 0 -10"><span class='ocrx_word' id='word_1_253' title='bbox 237 1347 425 1377; x_wconf 78' lang='lat' dir='ltr'>gnoscerem.</span> <span class='ocrx_word' id='word_1_254' title='bbox 452 1337 573 1374; x_wconf 78' lang='lat' dir='ltr'>Verum,</span> <span class='ocrx_word' id='word_1_255' title='bbox 596 1340 632 1368; x_wconf 87' lang='lat' dir='ltr'>ut</span> <span class='ocrx_word' id='word_1_256' title='bbox 652 1346 754 1377; x_wconf 86' lang='lat' dir='ltr'>neque</span> <span class='ocrx_word' id='word_1_257' title='bbox 776 1337 974 1377; x_wconf 84' lang='lat' dir='ltr'>majestatem</span> <span class='ocrx_word' id='word_1_258' title='bbox 995 1337 1084 1368; x_wconf 84' lang='lat' dir='ltr'>illam</span> <span class='ocrx_word' id='word_1_259' title='bbox 1098 1337 1225 1368; x_wconf 85' lang='lat' dir='ltr'>virtutis</span> <span class='ocrx_word' id='word_1_260' title='bbox 1245 1337 1338 1377; x_wconf 89' lang='lat' dir='ltr'>plene</span> <span class='ocrx_word' id='word_1_261' title='bbox 1354 1337 1459 1369; x_wconf 87' lang='lat' dir='ltr'>animo</span> <span class='ocrx_word' id='word_1_262' title='bbox 1472 1347 1541 1369; x_wconf 88' lang='lat' dir='ltr'>meo</span> <span class='ocrx_word' id='word_1_263' title='bbox 1557 1338 1753 1378; x_wconf 84' lang='lat' dir='ltr'>complector,</span> 
     </span>
     <span class='ocr_line' id='line_1_24' title="bbox 239 1393 1759 1435; baseline 0.001 -10"><span class='ocrx_word' id='word_1_264' title='bbox 239 1395 285 1425; x_wconf 82' lang='lat' dir='ltr'>ita</span> <span class='ocrx_word' id='word_1_265' title='bbox 306 1405 408 1434; x_wconf 86' lang='lat' dir='ltr'>neque</span> <span class='ocrx_word' id='word_1_266' title='bbox 439 1393 645 1432; x_wconf 77' lang='lat' dir='ltr'>affectionem,</span> <span class='ocrx_word' id='word_1_267' title='bbox 678 1405 773 1435; x_wconf 83' lang='lat' dir='ltr'>quam</span> <span class='ocrx_word' id='word_1_268' title='bbox 795 1405 867 1425; x_wconf 78' lang='lat' dir='ltr'>vere</span> <span class='ocrx_word' id='word_1_269' title='bbox 899 1395 988 1434; x_wconf 87' lang='lat' dir='ltr'>cupio</span> <span class='ocrx_word' id='word_1_270' title='bbox 1010 1394 1176 1434; x_wconf 61' lang='lat' dir='ltr'>explimrre⁷</span> <span class='ocrx_word' id='word_1_271' title='bbox 1199 1394 1290 1435; x_wconf 82' lang='lat' dir='ltr'>digne</span> <span class='ocrx_word' id='word_1_272' title='bbox 1318 1405 1451 1434; x_wconf 88' lang='lat' dir='ltr'>possum.</span> <span class='ocrx_word' id='word_1_273' title='bbox 1485 1394 1555 1426; x_wconf 87' lang='lat' dir='ltr'>Non</span> <span class='ocrx_word' id='word_1_274' title='bbox 1578 1395 1662 1426; x_wconf 87' lang='lat' dir='ltr'>enim</span> <span class='ocrx_word' id='word_1_275' title='bbox 1683 1395 1759 1427; x_wconf 86' lang='lat' dir='ltr'>satis</span> 
     </span>
     <span class='ocr_line' id='line_1_25' title="bbox 239 1451 1756 1493; baseline 0 -10"><span class='ocrx_word' id='word_1_276' title='bbox 239 1451 348 1483; x_wconf 82' lang='lat' dir='ltr'>efficax</span> <span class='ocrx_word' id='word_1_277' title='bbox 369 1454 418 1483; x_wconf 86' lang='lat' dir='ltr'>est</span> <span class='ocrx_word' id='word_1_278' title='bbox 431 1455 532 1483; x_wconf 81' lang='lat' dir='ltr'>sermo</span> <span class='ocrx_word' id='word_1_279' title='bbox 553 1452 594 1483; x_wconf 88' lang='lat' dir='ltr'>ad</span> <span class='ocrx_word' id='word_1_280' title='bbox 609 1452 846 1492; x_wconf 79' lang='lat' dir='ltr'>exprimendam</span> <span class='ocrx_word' id='word_1_281' title='bbox 861 1462 985 1483; x_wconf 88' lang='lat' dir='ltr'>omnem</span> <span class='ocrx_word' id='word_1_282' title='bbox 1006 1452 1068 1482; x_wconf 85' lang='lat' dir='ltr'>vim</span> <span class='ocrx_word' id='word_1_283' title='bbox 1083 1452 1189 1491; x_wconf 71' lang='lat' dir='ltr'>animi,</span> <span class='ocrx_word' id='word_1_284' title='bbox 1210 1452 1364 1492; x_wconf 86' lang='lat' dir='ltr'>longeque</span> <span class='ocrx_word' id='word_1_285' title='bbox 1384 1452 1487 1492; x_wconf 85' lang='lat' dir='ltr'>impar</span> <span class='ocrx_word' id='word_1_286' title='bbox 1502 1452 1627 1493; x_wconf 83' lang='lat' dir='ltr'>ingenio</span> <span class='ocrx_word' id='word_1_287' title='bbox 1642 1453 1718 1484; x_wconf 88' lang='lat' dir='ltr'>data</span> <span class='ocrx_word' id='word_1_288' title='bbox 1733 1453 1756 1470; x_wconf 79' lang='lat'>²²</span> 
     </span>
     <span class='ocr_line' id='line_1_26' title="bbox 236 1508 1754 1551; baseline 0 -11"><span class='ocrx_word' id='word_1_289' title='bbox 236 1520 295 1540; x_wconf 79' lang='lat' dir='ltr'>vox</span> <span class='ocrx_word' id='word_1_290' title='bbox 318 1512 371 1540; x_wconf 89' lang='lat' dir='ltr'>est.</span> <span class='ocrx_word' id='word_1_291' title='bbox 393 1508 559 1549; x_wconf 82' lang='lat' dir='ltr'>Supersedi</span> <span class='ocrx_word' id='word_1_292' title='bbox 580 1509 677 1550; x_wconf 85' lang='lat' dir='ltr'>igitur</span> <span class='ocrx_word' id='word_1_293' title='bbox 698 1509 849 1541; x_wconf 84' lang='lat' dir='ltr'>hactenus</span> <span class='ocrx_word' id='word_1_294' title='bbox 869 1509 1023 1549; x_wconf 83' lang='lat' dir='ltr'>impotens</span> <span class='ocrx_word' id='word_1_295' title='bbox 1044 1509 1112 1540; x_wconf 68' lang='lat' dir='ltr'>mei,</span> <span class='ocrx_word' id='word_1_296' title='bbox 1134 1510 1207 1540; x_wconf 88' lang='lat' dir='ltr'>Post</span> <span class='ocrx_word' id='word_1_297' title='bbox 1229 1509 1289 1540; x_wconf 88' lang='lat' dir='ltr'>hac</span> <span class='ocrx_word' id='word_1_298' title='bbox 1309 1509 1453 1546; x_wconf 83' lang='lat' dir='ltr'>meditor,</span> <span class='ocrx_word' id='word_1_299' title='bbox 1474 1510 1592 1550; x_wconf 85' lang='lat' dir='ltr'>rejecta</span> <span class='ocrx_word' id='word_1_300' title='bbox 1612 1510 1754 1551; x_wconf 86' lang='lat' dir='ltr'>hujusce-</span> 
     </span>
     <span class='ocr_line' id='line_1_27' title="bbox 237 1566 1756 1608; baseline 0.001 -11"><span class='ocrx_word' id='word_1_301' title='bbox 237 1567 321 1597; x_wconf 82' lang='lat' dir='ltr'>modi</span> <span class='ocrx_word' id='word_1_302' title='bbox 343 1566 561 1604; x_wconf 82' lang='lat' dir='ltr'>sollicitudine,</span> <span class='ocrx_word' id='word_1_303' title='bbox 583 1567 737 1608; x_wconf 80' lang='lat' dir='ltr'>quidquid</span> <span class='ocrx_word' id='word_1_304' title='bbox 758 1567 791 1597; x_wconf 84' lang='grc'>111</span> <span class='ocrx_word' id='word_1_305' title='bbox 811 1576 844 1598; x_wconf 91' lang='lat' dir='ltr'>os</span> <span class='ocrx_word' id='word_1_306' title='bbox 865 1567 987 1598; x_wconf 86' lang='lat' dir='ltr'>venerit</span> <span class='ocrx_word' id='word_1_307' title='bbox 1007 1567 1151 1598; x_wconf 84' lang='lat' dir='ltr'>scribere.</span> <span class='ocrx_word' id='word_1_308' title='bbox 1174 1567 1258 1598; x_wconf 82' lang='lat' dir='ltr'>Malo</span> <span class='ocrx_word' id='word_1_309' title='bbox 1274 1567 1357 1598; x_wconf 89' lang='lat' dir='ltr'>enim</span> <span class='ocrx_word' id='word_1_310' title='bbox 1377 1567 1410 1597; x_wconf 90' lang='lat' dir='ltr'>in</span> <span class='ocrx_word' id='word_1_311' title='bbox 1423 1567 1533 1598; x_wconf 86' lang='lat' dir='ltr'>literas</span> <span class='ocrx_word' id='word_1_312' title='bbox 1555 1577 1640 1598; x_wconf 84' lang='lat' dir='ltr'>meas</span> <span class='ocrx_word' id='word_1_313' title='bbox 1661 1570 1696 1598; x_wconf 88' lang='lat' dir='ltr'>ut</span> <span class='ocrx_word' id='word_1_314' title='bbox 1711 1568 1756 1598; x_wconf 92' lang='lat' dir='ltr'>in-</span> 
     </span>
     <span class='ocr_line' id='line_1_28' title="bbox 236 1624 1756 1665; baseline 0.001 -10"><span class='ocrx_word' id='word_1_315' title='bbox 236 1625 346 1665; x_wconf 80' lang='lat' dir='ltr'>dignas</span> <span class='ocrx_word' id='word_1_316' title='bbox 367 1627 502 1662; x_wconf 82' lang='lat' dir='ltr'>accuset,</span> <span class='ocrx_word' id='word_1_317' title='bbox 525 1635 619 1664; x_wconf 80' lang='lat' dir='ltr'>quani</span> <span class='ocrx_word' id='word_1_318' title='bbox 641 1635 690 1656; x_wconf 89' lang='lat' dir='ltr'>me</span> <span class='ocrx_word' id='word_1_319' title='bbox 710 1625 813 1664; x_wconf 86' lang='lat' dir='ltr'>ipsum</span> <span class='ocrx_word' id='word_1_320' title='bbox 835 1624 975 1665; x_wconf 81' lang='lat' dir='ltr'>neglecti</span> <span class='ocrx_word' id='word_1_321' title='bbox 992 1624 1121 1656; x_wconf 86' lang='lat' dir='ltr'>damnet</span> <span class='ocrx_word' id='word_1_322' title='bbox 1133 1624 1231 1656; x_wconf 80' lang='lat' dir='ltr'>officii.</span> <span class='ocrx_word' id='word_1_323' title='bbox 1256 1624 1341 1656; x_wconf 80' lang='lat' dir='ltr'>Vale.</span> <span class='ocrx_word' id='word_1_324' title='bbox 1366 1625 1400 1655; x_wconf 87' lang='lat' dir='ltr'>In</span> <span class='ocrx_word' id='word_1_325' title='bbox 1416 1624 1621 1656; x_wconf 86' lang='lat' dir='ltr'>Romandiola</span> <span class='ocrx_word' id='word_1_326' title='bbox 1636 1625 1756 1656; x_wconf 82' lang='lat' dir='ltr'>bellum</span> 
     </span>
     <span class='ocr_line' id='line_1_29' title="bbox 237 1682 1754 1723; baseline 0.001 -10"><span class='ocrx_word' id='word_1_327' title='bbox 237 1682 357 1713; x_wconf 86' lang='lat' dir='ltr'>ebullit.</span> <span class='ocrx_word' id='word_1_328' title='bbox 379 1682 551 1723; x_wconf 80' lang='lat' dir='ltr'>Astorgius,</span> <span class='ocrx_word' id='word_1_329' title='bbox 572 1685 608 1713; x_wconf 88' lang='lat' dir='ltr'>ut</span> <span class='ocrx_word' id='word_1_330' title='bbox 628 1682 731 1719; x_wconf 81' lang='lat' dir='ltr'>audio,</span> <span class='ocrx_word' id='word_1_331' title='bbox 753 1692 880 1723; x_wconf 84' lang='lat' dir='ltr'>gravem</span> <span class='ocrx_word' id='word_1_332' title='bbox 902 1682 942 1713; x_wconf 89' lang='lat' dir='ltr'>ab</span> <span class='ocrx_word' id='word_1_333' title='bbox 964 1682 1103 1713; x_wconf 86' lang='lat' dir='ltr'>hostibus</span> <span class='ocrx_word' id='word_1_334' title='bbox 1125 1682 1246 1713; x_wconf 85' lang='lat' dir='ltr'>cladem</span> <span class='ocrx_word' id='word_1_335' title='bbox 1260 1683 1391 1722; x_wconf 81' lang='lat' dir='ltr'>accepit,</span> <span class='ocrx_word' id='word_1_336' title='bbox 1412 1693 1448 1713; x_wconf 83' lang='lat' dir='ltr'>ac</span> <span class='ocrx_word' id='word_1_337' title='bbox 1462 1683 1527 1722; x_wconf 85' lang='lat' dir='ltr'>ipse</span> <span class='ocrx_word' id='word_1_338' title='bbox 1542 1682 1669 1723; x_wconf 89' lang='lat' dir='ltr'>quidem</span> <span class='ocrx_word' id='word_1_339' title='bbox 1682 1693 1754 1723; x_wconf 80' lang='lat' dir='ltr'>pae-</span> 
     </span>
     <span class='ocr_line' id='line_1_30' title="bbox 236 1740 1758 1780; baseline 0.001 -10"><span class='ocrx_word' id='word_1_340' title='bbox 236 1750 276 1771; x_wconf 86' lang='lat' dir='ltr'>ne</span> <span class='ocrx_word' id='word_1_341' title='bbox 292 1740 314 1757; x_wconf 67' lang='lat'>²3</span> <span class='ocrx_word' id='word_1_342' title='bbox 339 1742 450 1779; x_wconf 86' lang='lat' dir='ltr'>captus</span> <span class='ocrx_word' id='word_1_343' title='bbox 471 1742 527 1771; x_wconf 87' lang='lat' dir='ltr'>est.</span> <span class='ocrx_word' id='word_1_344' title='bbox 550 1740 658 1779; x_wconf 82' lang='lat' dir='ltr'>Credo,</span> <span class='ocrx_word' id='word_1_345' title='bbox 681 1740 782 1770; x_wconf 80' lang='lat' dir='ltr'>multa</span> <span class='ocrx_word' id='word_1_346' title='bbox 803 1740 849 1770; x_wconf 92' lang='lat' dir='ltr'>illi</span> <span class='ocrx_word' id='word_1_347' title='bbox 870 1743 996 1780; x_wconf 83' lang='lat' dir='ltr'>praeter</span> <span class='ocrx_word' id='word_1_348' title='bbox 1017 1740 1207 1771; x_wconf 79' lang='lat' dir='ltr'>sententiam</span> <span class='ocrx_word' id='word_1_349' title='bbox 1222 1743 1382 1777; x_wconf 70' lang='lat' dir='ltr'>eventura,</span> <span class='ocrx_word' id='word_1_350' title='bbox 1403 1740 1478 1771; x_wconf 86' lang='lat' dir='ltr'>dum</span> <span class='ocrx_word' id='word_1_351' title='bbox 1493 1750 1574 1778; x_wconf 87' lang='lat' dir='ltr'>eum,</span> <span class='ocrx_word' id='word_1_352' title='bbox 1598 1751 1691 1780; x_wconf 87' lang='lat' dir='ltr'>quem</span> <span class='ocrx_word' id='word_1_353' title='bbox 1711 1741 1758 1771; x_wconf 88' lang='lat' dir='ltr'>in-</span> 
     </span>
     <span class='ocr_line' id='line_1_31' title="bbox 239 1797 1039 1838; baseline 0 -10"><span class='ocrx_word' id='word_1_354' title='bbox 239 1797 333 1838; x_wconf 83' lang='lat' dir='ltr'>digne</span> <span class='ocrx_word' id='word_1_355' title='bbox 354 1797 513 1837; x_wconf 81' lang='lat' dir='ltr'>captivum</span> <span class='ocrx_word' id='word_1_356' title='bbox 533 1797 639 1835; x_wconf 84' lang='lat' dir='ltr'>habet,</span> <span class='ocrx_word' id='word_1_357' title='bbox 662 1798 795 1829; x_wconf 85' lang='lat' dir='ltr'>emittat.</span> <span class='ocrx_word' id='word_1_358' title='bbox 818 1797 938 1828; x_wconf 87' lang='lat' dir='ltr'>Iterum</span> <span class='ocrx_word' id='word_1_359' title='bbox 962 1797 1039 1829; x_wconf 74' lang='lat' dir='ltr'>vale.</span> 
     </span>
    </p>
   </div>
   <div class='ocr_carea' id='block_1_5' title="bbox 235 1890 1760 2365">
    <p class='ocr_par' dir='ltr' id='par_1_5' title="bbox 244 1890 1206 1925">
     <span class='ocr_line' id='line_1_32' title="bbox 244 1890 1206 1925; baseline 0 -8"><span class='ocrx_word' id='word_1_360' title='bbox 244 1892 253 1908; x_wconf 89' lang='lat'>¹</span> <span class='ocrx_word' id='word_1_361' title='bbox 275 1890 321 1918; x_wconf 71' lang='lat' dir='ltr'>Gr.</span> <span class='ocrx_word' id='word_1_362' title='bbox 341 1892 367 1919; x_wconf 74' lang='lat' dir='ltr'>et</span> <span class='ocrx_word' id='word_1_363' title='bbox 385 1898 432 1925; x_wconf 71' lang='lat' dir='ltr'>per</span> <span class='ocrx_word' id='word_1_364' title='bbox 453 1891 477 1918; x_wconf 69' lang='lat' dir='ltr'>ci</span> <span class='ocrx_word' id='word_1_365' title='bbox 1016 1892 1036 1908; x_wconf 68' lang='lat'>¹2</span> <span class='ocrx_word' id='word_1_366' title='bbox 1055 1891 1110 1918; x_wconf 86' lang='lat' dir='ltr'>PP.</span> <span class='ocrx_word' id='word_1_367' title='bbox 1129 1891 1206 1918; x_wconf 74' lang='lat' dir='ltr'>clarc</span> 
     </span>
    </p>

    <p class='ocr_par' dir='ltr' id='par_1_6' title="bbox 243 1935 1760 2008">
     <span class='ocr_line' id='line_1_33' title="bbox 243 1935 1760 1971; baseline 0.001 -9"><span class='ocrx_word' id='word_1_368' title='bbox 243 1936 255 1953; x_wconf 83' lang='lat'><strong>²</strong></span> <span class='ocrx_word' id='word_1_369' title='bbox 274 1935 328 1962; x_wconf 83' lang='lat' dir='ltr'>PP.</span> <span class='ocrx_word' id='word_1_370' title='bbox 348 1935 419 1969; x_wconf 70' lang='lat' dir='ltr'>qnia</span> <span class='ocrx_word' id='word_1_371' title='bbox 1016 1936 1037 1953; x_wconf 71' lang='lat'>¹4</span> <span class='ocrx_word' id='word_1_372' title='bbox 1057 1935 1124 1963; x_wconf 69' lang='lat' dir='ltr'>Reff.</span> <span class='ocrx_word' id='word_1_373' title='bbox 1144 1935 1297 1964; x_wconf 61' lang='lat' dir='ltr'>videretur.</span> <span class='ocrx_word' id='word_1_374' title='bbox 1318 1935 1363 1962; x_wconf 86' lang='lat' dir='ltr'>Gr.</span> <span class='ocrx_word' id='word_1_375' title='bbox 1384 1935 1527 1971; x_wconf 70' lang='lat' dir='ltr'>aggiunge</span> <span class='ocrx_word' id='word_1_376' title='bbox 1545 1936 1691 1964; x_wconf 72' lang='lat' dir='ltr'>videretur</span> <span class='ocrx_word' id='word_1_377' title='bbox 1710 1943 1760 1964; x_wconf 84' lang='lat' dir='ltr'>co-</span> 
     </span>
     <span class='ocr_line' id='line_1_34' title="bbox 244 1979 1246 2008; baseline 0 -1"><span class='ocrx_word' id='word_1_378' title='bbox 244 1982 255 1997; x_wconf 71' lang='grc'>3</span> <span class='ocrx_word' id='word_1_379' title='bbox 274 1980 312 2007; x_wconf 88' lang='grc' dir='ltr'>Β1·</span> <span class='ocrx_word' id='word_1_380' title='bbox 341 1988 354 2007; x_wconf 91' lang='lat' dir='ltr'>e</span> <span class='ocrx_word' id='word_1_381' title='bbox 374 1980 430 2008; x_wconf 89' lang='lat' dir='ltr'>PP.</span> <span class='ocrx_word' id='word_1_382' title='bbox 450 1979 546 2008; x_wconf 78' lang='lat' dir='ltr'>decere</span> <span class='ocrx_word' id='word_1_383' title='bbox 1051 1989 1092 2007; x_wconf 84' lang='lat' dir='ltr'>me</span> <span class='ocrx_word' id='word_1_384' title='bbox 1112 1980 1246 2008; x_wconf 68' lang='lat' dir='ltr'>variante.</span> 
     </span>
    </p>

    <p class='ocr_par' dir='ltr' id='par_1_7' title="bbox 244 2023 1305 2058">
     <span class='ocr_line' id='line_1_35' title="bbox 244 2023 1305 2058; baseline 0 -6"><span class='ocrx_word' id='word_1_385' title='bbox 244 2025 255 2042; x_wconf 84' lang='lat'><strong>⁴</strong></span> <span class='ocrx_word' id='word_1_386' title='bbox 274 2024 342 2052; x_wconf 51' lang='lat' dir='ltr'>Reff.</span> <span class='ocrx_word' id='word_1_387' title='bbox 361 2023 498 2052; x_wconf 75' lang='lat' dir='ltr'>habendis</span> <span class='ocrx_word' id='word_1_388' title='bbox 510 2024 661 2058; x_wconf 66' lang='lat' dir='ltr'>perfectus</span> <span class='ocrx_word' id='word_1_389' title='bbox 1013 2026 1034 2042; x_wconf 76' lang='lat'>¹5</span> <span class='ocrx_word' id='word_1_390' title='bbox 1054 2024 1100 2053; x_wconf 84' lang='lat' dir='ltr'>Gr.</span> <span class='ocrx_word' id='word_1_391' title='bbox 1119 2024 1145 2052; x_wconf 74' lang='grc' dir='ltr'>εἰ</span> <span class='ocrx_word' id='word_1_392' title='bbox 1164 2024 1305 2053; x_wconf 74' lang='lat' dir='ltr'>desiderio</span> 
     </span>
    </p>

    <p class='ocr_par' dir='ltr' id='par_1_8' title="bbox 244 2067 1377 2104">
     <span class='ocr_line' id='line_1_36' title="bbox 244 2067 1377 2104; baseline 0.001 -9"><span class='ocrx_word' id='word_1_393' title='bbox 244 2070 254 2086; x_wconf 81' lang='lat'><strong>⁵</strong></span> <span class='ocrx_word' id='word_1_394' title='bbox 274 2067 412 2102; x_wconf 76' lang='lat' dir='ltr'>Necdum,</span> <span class='ocrx_word' id='word_1_395' title='bbox 430 2075 485 2096; x_wconf 89' lang='lat' dir='ltr'>non</span> <span class='ocrx_word' id='word_1_396' title='bbox 501 2076 610 2096; x_wconf 84' lang='lat' dir='ltr'>ancora.</span> <span class='ocrx_word' id='word_1_397' title='bbox 631 2069 686 2097; x_wconf 86' lang='lat' dir='ltr'>PP.</span> <span class='ocrx_word' id='word_1_398' title='bbox 707 2077 741 2097; x_wconf 72' lang='lat' dir='ltr'>ne</span> <span class='ocrx_word' id='word_1_399' title='bbox 760 2069 829 2096; x_wconf 71' lang='lat' dir='ltr'>(lum</span> <span class='ocrx_word' id='word_1_400' title='bbox 1013 2070 1034 2087; x_wconf 76' lang='lat'>¹⁶</span> <span class='ocrx_word' id='word_1_401' title='bbox 1054 2069 1114 2096; x_wconf 84' lang='lat' dir='ltr'>PM.</span> <span class='ocrx_word' id='word_1_402' title='bbox 1135 2068 1181 2096; x_wconf 86' lang='lat' dir='ltr'>Gr.</span> <span class='ocrx_word' id='word_1_403' title='bbox 1201 2077 1377 2104; x_wconf 73' lang='lat' dir='ltr'>quamquam</span> 
     </span>
    </p>

    <p class='ocr_par' dir='ltr' id='par_1_9' title="bbox 244 2112 1669 2192">
     <span class='ocr_line' id='line_1_37' title="bbox 247 2112 1669 2149; baseline 0.001 -9"><span class='ocrx_word' id='word_1_404' title='bbox 247 2115 257 2130; x_wconf 78' lang='lat'>‘¹</span> <span class='ocrx_word' id='word_1_405' title='bbox 276 2112 322 2140; x_wconf 83' lang='lat' dir='ltr'>Gr.</span> <span class='ocrx_word' id='word_1_406' title='bbox 342 2113 404 2141; x_wconf 89' lang='lat' dir='ltr'>PM.</span> <span class='ocrx_word' id='word_1_407' title='bbox 424 2120 438 2140; x_wconf 83' lang='lat' dir='ltr'>e</span> <span class='ocrx_word' id='word_1_408' title='bbox 457 2112 512 2140; x_wconf 89' lang='lat' dir='ltr'>PP.</span> <span class='ocrx_word' id='word_1_409' title='bbox 532 2113 693 2147; x_wconf 69' lang='lat' dir='ltr'>quiclqzcmn</span> <span class='ocrx_word' id='word_1_410' title='bbox 1016 2113 1038 2132; x_wconf 78' lang='lat'>¹7</span> <span class='ocrx_word' id='word_1_411' title='bbox 1058 2113 1104 2141; x_wconf 85' lang='lat' dir='ltr'>Gr.</span> <span class='ocrx_word' id='word_1_412' title='bbox 1124 2113 1265 2149; x_wconf 78' lang='lat' dir='ltr'>aggiunge</span> <span class='ocrx_word' id='word_1_413' title='bbox 1285 2113 1421 2141; x_wconf 80' lang='lat' dir='ltr'>celebrem</span> <span class='ocrx_word' id='word_1_414' title='bbox 1440 2121 1515 2142; x_wconf 83' lang='lat' dir='ltr'>come</span> <span class='ocrx_word' id='word_1_415' title='bbox 1534 2114 1669 2142; x_wconf 79' lang='lat' dir='ltr'>variante.</span> 
     </span>
     <span class='ocr_line' id='line_1_38' title="bbox 244 2157 1395 2192; baseline 0 -7"><span class='ocrx_word' id='word_1_416' title='bbox 244 2157 254 2176; x_wconf 81' lang='lat'><strong><em>⁷</em></strong></span> <span class='ocrx_word' id='word_1_417' title='bbox 275 2157 321 2185; x_wconf 88' lang='lat' dir='ltr'>Gr.</span> <span class='ocrx_word' id='word_1_418' title='bbox 333 2165 448 2192; x_wconf 69' lang='lat' dir='ltr'>possem</span> <span class='ocrx_word' id='word_1_419' title='bbox 1012 2158 1034 2176; x_wconf 69' lang='lat'>¹⁸</span> <span class='ocrx_word' id='word_1_420' title='bbox 1053 2158 1100 2185; x_wconf 82' lang='lat' dir='ltr'>Gr.</span> <span class='ocrx_word' id='word_1_421' title='bbox 1120 2157 1166 2186; x_wconf 68' lang='grc' dir='ltr'>ΒΥ.</span> <span class='ocrx_word' id='word_1_422' title='bbox 1186 2165 1199 2185; x_wconf 88' lang='lat' dir='ltr'>e</span> <span class='ocrx_word' id='word_1_423' title='bbox 1219 2157 1281 2186; x_wconf 80' lang='lat' dir='ltr'>PM.</span> <span class='ocrx_word' id='word_1_424' title='bbox 1299 2160 1395 2192; x_wconf 68' lang='lat' dir='ltr'>ipsum</span> 
     </span>
    </p>

    <p class='ocr_par' dir='ltr' id='par_1_10' title="bbox 245 2201 1272 2230">
     <span class='ocr_line' id='line_1_39' title="bbox 245 2201 1272 2230; baseline 0.001 -1"><span class='ocrx_word' id='word_1_425' title='bbox 245 2202 256 2220; x_wconf 84' lang='lat'>⁸</span> <span class='ocrx_word' id='word_1_426' title='bbox 274 2202 330 2230; x_wconf 82' lang='lat' dir='ltr'>PP.</span> <span class='ocrx_word' id='word_1_427' title='bbox 349 2202 390 2229; x_wconf 80' lang='lat' dir='ltr'>In</span> <span class='ocrx_word' id='word_1_428' title='bbox 408 2201 604 2230; x_wconf 70' lang='lat' dir='ltr'>valetudinem</span> <span class='ocrx_word' id='word_1_429' title='bbox 1014 2204 1035 2220; x_wconf 76' lang='lat'>¹⁹</span> <span class='ocrx_word' id='word_1_430' title='bbox 1054 2202 1107 2230; x_wconf 86' lang='lat' dir='ltr'>Nei</span> <span class='ocrx_word' id='word_1_431' title='bbox 1126 2202 1214 2230; x_wconf 78' lang='lat' dir='ltr'>codici</span> <span class='ocrx_word' id='word_1_432' title='bbox 1238 2211 1272 2230; x_wconf 75' lang='lat' dir='ltr'>ne</span> 
     </span>
    </p>

    <p class='ocr_par' dir='ltr' id='par_1_11' title="bbox 242 2245 1374 2281">
     <span class='ocr_line' id='line_1_40' title="bbox 242 2245 1374 2281; baseline 0.003 -9"><span class='ocrx_word' id='word_1_433' title='bbox 242 2245 253 2264; x_wconf 74' lang='lat'>⁹</span> <span class='ocrx_word' id='word_1_434' title='bbox 275 2246 336 2274; x_wconf 89' lang='lat' dir='ltr'>PM.</span> <span class='ocrx_word' id='word_1_435' title='bbox 356 2245 402 2274; x_wconf 78' lang='lat' dir='ltr'>Gr.</span> <span class='ocrx_word' id='word_1_436' title='bbox 421 2247 515 2274; x_wconf 68' lang='lat' dir='ltr'>autem</span> <span class='ocrx_word' id='word_1_437' title='bbox 1014 2247 1036 2265; x_wconf 70' lang='lat'>“2⁰</span> <span class='ocrx_word' id='word_1_438' title='bbox 1055 2247 1122 2275; x_wconf 80' lang='lat' dir='ltr'>Reff.</span> <span class='ocrx_word' id='word_1_439' title='bbox 1141 2247 1187 2274; x_wconf 83' lang='lat' dir='ltr'>Gr.</span> <span class='ocrx_word' id='word_1_440' title='bbox 1207 2255 1374 2281; x_wconf 72' lang='lat' dir='ltr'>coynoscere</span> 
     </span>
    </p>

    <p class='ocr_par' dir='ltr' id='par_1_12' title="bbox 239 2290 1305 2326">
     <span class='ocr_line' id='line_1_41' title="bbox 239 2290 1305 2326; baseline 0.002 -9"><span class='ocrx_word' id='word_1_441' title='bbox 239 2290 262 2308; x_wconf 80' lang='lat'>¹¹¹</span> <span class='ocrx_word' id='word_1_442' title='bbox 281 2290 337 2318; x_wconf 87' lang='lat' dir='ltr'>PP.</span> <span class='ocrx_word' id='word_1_443' title='bbox 356 2290 462 2318; x_wconf 76' lang='lat' dir='ltr'>nollem</span> <span class='ocrx_word' id='word_1_444' title='bbox 1013 2294 1032 2310; x_wconf 62' lang='grc' dir='ltr'>Ἣ</span> <span class='ocrx_word' id='word_1_445' title='bbox 1055 2291 1108 2319; x_wconf 87' lang='lat' dir='ltr'>Nei</span> <span class='ocrx_word' id='word_1_446' title='bbox 1127 2291 1215 2320; x_wconf 83' lang='lat' dir='ltr'>codici</span> <span class='ocrx_word' id='word_1_447' title='bbox 1233 2291 1305 2326; x_wconf 75' lang='lat' dir='ltr'>quid</span> 
     </span>
    </p>

    <p class='ocr_par' dir='ltr' id='par_1_13' title="bbox 235 2334 1192 2365">
     <span class='ocr_line' id='line_1_42' title="bbox 235 2334 1192 2365; baseline 0.004 -4"><span class='ocrx_word' id='word_1_448' title='bbox 235 2335 255 2352; x_wconf 92' lang='lat'>¹¹</span> <span class='ocrx_word' id='word_1_449' title='bbox 275 2334 328 2362; x_wconf 86' lang='lat' dir='ltr'>Nei</span> <span class='ocrx_word' id='word_1_450' title='bbox 346 2334 450 2363; x_wconf 84' lang='lat' dir='ltr'>codici:</span> <span class='ocrx_word' id='word_1_451' title='bbox 472 2335 549 2363; x_wconf 66' lang='lat' dir='ltr'>illud</span> <span class='ocrx_word' id='word_1_452' title='bbox 1015 2339 1037 2356; x_wconf 71' lang='lat'>‘2²</span> <span class='ocrx_word' id='word_1_453' title='bbox 1056 2337 1112 2365; x_wconf 89' lang='lat' dir='ltr'>PP.</span> <span class='ocrx_word' id='word_1_454' title='bbox 1133 2339 1192 2365; x_wconf 80' lang='lat' dir='ltr'>tota</span> 
     </span>
    </p>
   </div>
   <div class='ocr_carea' id='block_1_6' title="bbox 234 2378 1316 2416">
    <p class='ocr_par' dir='ltr' id='par_1_14' title="bbox 234 2378 1316 2416">
     <span class='ocr_line' id='line_1_43' title="bbox 234 2378 1316 2416; baseline 0.004 -11"><span class='ocrx_word' id='word_1_455' title='bbox 234 2380 256 2397; x_wconf 78' lang='lat'>¹²</span> <span class='ocrx_word' id='word_1_456' title='bbox 275 2378 320 2406; x_wconf 85' lang='lat' dir='ltr'>Gr.</span> <span class='ocrx_word' id='word_1_457' title='bbox 340 2387 425 2414; x_wconf 75' lang='lat' dir='ltr'>segna</span> <span class='ocrx_word' id='word_1_458' title='bbox 444 2379 568 2407; x_wconf 67' lang='lat' dir='ltr'>variante</span> <span class='ocrx_word' id='word_1_459' title='bbox 582 2380 720 2408; x_wconf 73' lang='lat' dir='ltr'>daturmn</span> <span class='ocrx_word' id='word_1_460' title='bbox 1012 2382 1034 2399; x_wconf 77' lang='lat'>²³</span> <span class='ocrx_word' id='word_1_461' title='bbox 1054 2381 1101 2409; x_wconf 86' lang='lat' dir='ltr'>Gr.</span> <span class='ocrx_word' id='word_1_462' title='bbox 1121 2389 1206 2409; x_wconf 74' lang='lat' dir='ltr'>senza</span> <span class='ocrx_word' id='word_1_463' title='bbox 1219 2390 1316 2416; x_wconf 71' lang='lat' dir='ltr'>paene</span> 
     </span>
    </p>
   </div>
   <div class='ocr_carea' id='block_1_7' title="bbox 1801 0 1845 2129">
    <p class='ocr_par' dir='ltr' id='par_1_15' title="bbox 1801 0 1845 2129">
     <span class='ocr_line' id='line_1_44' title="bbox 1801 0 1845 2129; baseline 0 0"><span class='ocrx_word' id='word_1_464' title='bbox 1801 0 1845 2129; x_wconf 95' lang='lat' dir='ltr'> </span> 
     </span>
    </p>
   </div>
  </div>
 </body>
</html>
