1845 3076
741 168 879 192 EPISTOLE
1523 161 1561 192 75

59 251 101 282 de
119 250 363 291 particularibus
383 249 612 282 conditionibus
632 250 710 282 meis
728 253 761 282 te
781 251 890 289 lateat,
911 261 980 282 sum
1000 251 1138 288 Paduae,
1157 260 1260 288 sanus,
1289 251 1400 282 studiis
1419 251 1496 283 meis
1516 251 1561 282 in-

59 310 176 346 tentus,
196 307 304 340 eodem
319 317 442 347 semper
454 309 563 339 tenore
582 306 738 346 fortunae,
760 308 814 339 sed
827 308 946 349 majore
965 308 1112 340 continue
1127 310 1160 339 et
1174 307 1320 340 liberiore
1339 308 1453 346 animo,
1472 308 1560 346 dum,

59 364 221 402 bonorum,
247 364 471 404 doctorumque
499 364 636 395 virorum
657 365 782 396 monitis
803 367 836 396 et
855 364 1004 405 exemplis
1031 365 1167 405 adjutus,
1195 365 1228 396 in
1248 365 1366 397 virtute
1386 375 1499 402 cresco,
1526 368 1560 397 et

58 431 110 454 me
128 421 268 462 quotidie
288 421 397 461 major,
427 420 599 461 meliorque
620 420 669 452 fio.
702 420 750 452 Tu
776 421 976 461 conspicuum
997 425 1029 452 et
1050 421 1139 453 livori
1166 422 1351 461 patentem¹
1383 422 1470 462 apud
1489 424 1561 454 tuos

56 478 160 510 locum
180 477 286 515 habes
306 477 361 509 ubi
374 480 527 517 quantum
547 477 710 515 claritatis,
731 479 856 509 tantum
877 477 994 509 laboris
1015 481 1048 509 et
1066 478 1168 510 oneris
1181 481 1290 509 nactus
1311 488 1353 510 eS.
1373 478 1434 510 Sed
1453 479 1506 516 sic,
1521 482 1560 510 ut

58 535 180 576 integre
200 534 289 574 nosti,
309 534 487 566 faciendum
502 537 558 566 est.
580 533 677 566 Nulla
696 534 823 572 invidia,
843 534 949 565 nullus
962 534 1060 572 labor,
1080 534 1265 575 nullumque
1280 535 1416 575 denique
1437 535 1558 576 pondus

58 594 106 623 est
118 601 176 632 pro
187 591 350 631 republica
369 591 586 622 recusandum.
607 590 804 631 Obloquatur
823 590 950 628 invidia,
971 591 1090 624 instent
1110 591 1241 629 labores,
1261 594 1392 632 gravent
1407 592 1557 632 pondera,

56 658 179 689 semper
197 649 302 689 patria
322 658 418 680 manu
433 651 466 679 et
478 648 604 679 consilio
626 648 806 689 adjuvanda
826 651 882 680 est.
903 647 974 679 Non
989 648 1150 679 minimum
1172 651 1288 685 autem,
1309 651 1346 679 ut
1358 649 1451 686 vides,
1471 648 1558 681 illius

0 703 1 712 ¹
58 705 258 746 Reipublicae
278 705 318 737 ab
339 705 478 737 humeris
497 705 559 736 tuis
579 705 705 745 pendet,
728 707 795 736 tota
816 704 849 735 in
861 708 893 736 te
913 708 1043 745 spectat,
1065 708 1097 736 et
1110 705 1142 736 in
1162 705 1221 737 hoc
1233 708 1300 736 tam
1321 706 1433 746 grandi
1453 709 1556 737 status

55 762 105 796 sui
124 763 300 794 discrimine
320 765 377 794 tua
398 765 430 793 et
449 762 583 793 aliorum
604 762 780 801 sapientum
801 761 938 793 virorum
958 762 1086 793 consilia
1107 762 1235 802 expetit.
1256 762 1397 793 Admone
1418 763 1557 794 concives

55 822 134 858 tuos,
154 822 191 851 ut
203 819 277 851 forti
298 822 330 850 et
342 819 487 850 interrito
508 819 612 851 animo
633 819 781 850 adversus
801 818 1002 860 tyrannidem
1022 819 1201 859 persistent,
1222 822 1253 850 et
1266 819 1456 857 libertatem,
1476 830 1557 860 quae

54 887 226 917 numquam
240 876 328 914 bene,
342 877 401 907 nisi
416 876 539 914 amissa,
555 876 758 916 cognoscitur,
772 878 880 907 tenere
893 875 1050 915 studeant,
1073 876 1253 917 eligantque
1273 877 1374 917 potius
1387 877 1445 907 viri
1459 877 1556 908 fortes

53 934 87 966 in
105 934 252 966 libertate
271 943 328 965 sua
348 934 452 965 felices
472 933 664 971 occumbere,
695 943 791 973 quam
811 933 843 964 in
864 933 1038 965 miserrima
1058 934 1209 966 servitute
1230 934 1368 965 viventes
1389 933 1489 966 durae
1509 937 1554 975 ty-

53 991 193 1023 rannidis
207 992 320 1032 jugum
340 991 415 1032 pati.
437 991 525 1030 Vale,
546 991 593 1022 vir
614 990 752 1031 insignis,
774 993 806 1021 et
826 1000 875 1021 me
895 993 985 1022 tuum
1006 991 1106 1023 crede.

771 1225 835 1257 LV.

724 1317 753 1349 S.
775 1317 805 1348 d.
826 1327 851 1349 e.
873 1318 892 1349 i.

205 1394 272 1430 (Br.
285 1403 317 1430 p.
336 1394 383 1427 56,
402 1394 441 1421 84
459 1402 473 1422 e
490 1393 551 1426 87;
571 1409 603 1413 -—
622 1392 707 1421 Ram.
722 1401 754 1428 p.
774 1393 832 1427 52,-
853 1410 885 1413 —
904 1393 977 1422 PM.
996 1402 1018 1421 c.
1038 1394 1114 1426 119,·
1135 1409 1166 1412 —
1187 1393 1250 1421 ΡΡ.
1271 1402 1298 1422 n.
1318 1395 1399 1429 112.)

130 1482 214 1514 Illud
233 1482 310 1514 mihi
329 1484 403 1513 ante
424 1481 529 1513 omnia
559 1482 680 1512 certum
700 1480 834 1518 videtur,
864 1480 1088 1518 monarchiam,
1118 1481 1198 1512 idest
1219 1481 1312 1512 unius
1334 1482 1554 1522 principatum,

50 1540 260 1572 multitudinis
280 1539 410 1579 imperio
429 1540 601 1578 praestare,
619 1539 651 1568 et
665 1537 706 1568 ad
718 1537 956 1568 similitudinem
971 1537 1064 1578 hujus
1077 1538 1239 1569 machinae
1260 1539 1448 1577 mundanae,
1469 1550 1552 1580 quae

50 1600 117 1630 tam
136 1597 229 1629 firma
247 1606 324 1637 pace
344 1598 412 1628 tam
431 1595 525 1627 certis
544 1595 666 1636 legibus
683 1595 796 1635 juncta
816 1597 946 1632 constat,
968 1595 1117 1627 mortales
1137 1595 1278 1626 homines
1299 1596 1374 1636 regi,
1396 1599 1491 1637 atque
1512 1597 1554 1628 ad

50 1654 193 1696 regulam
211 1653 297 1686 illius
317 1653 431 1684 summi
449 1652 655 1693 imperatoris,
677 1652 733 1692 qui
756 1661 868 1683 cunc-u
890 1652 974 1684 selus
993 1652 1126 1683 arbitrio
1146 1661 1202 1683 suo
1222 1652 1413 1691 moderatur,
1428 1654 1439 1671 2
1457 1654 1554 1686 vitam

55 1715 195 1745 nostram
208 1711 220 1729 ³
239 1710 381 1742 conferri.
414 1709 569 1751 Namque,
593 1711 629 1740 ut
650 1711 696 1740 est
716 1709 748 1739 in
769 1709 853 1740 omni
872 1712 988 1741 natura
1008 1720 1106 1740 unum
1133 1709 1269 1749 primum
1298 1720 1318 1741 a
1347 1721 1408 1751 quo
1429 1714 1554 1744 caetera

55 1769 208 1807 defluant,
236 1769 282 1800 ita
302 1770 334 1800 et
353 1768 387 1799 in
407 1768 622 1799 communione
637 1767 647 1785 ⁴
672 1767 843 1799 viventium
864 1777 928 1798 esse
949 1767 1039 1799 decet
1059 1779 1166 1807 unum,
1195 1769 1250 1810 qui
1271 1771 1412 1800 caeteros
1441 1769 1552 1810 erigat.

52 1826 135 1866 Quid
156 1826 237 1858 enim
266 1835 331 1857 esse
360 1827 463 1866 potest
489 1825 644 1856 similius⁵
674 1825 740 1856 Deo
762 1826 794 1856 et
813 1824 860 1855 illi
884 1826 1060 1866 perpetuo⁶
1087 1826 1243 1858 coelorum
1273 1826 1434 1858 consensui
1460 1836 1556 1867 qua-m

53 1884 198 1925 princeps
223 1883 323 1915 bonus
343 1884 376 1914 et
395 1883 475 1914 bene
503 1882 672 1922 composita
697 1882 827 1913 civitas?
854 1882 884 1913 Si
905 1882 946 1913 sit
965 1883 1074 1922 itaque
1088 1883 1099 1900 ⁷
1126 1893 1182 1914 rex
1209 1883 1318 1921 bonus,
1347 1884 1373 1915 si
1389 1884 1501 1924 justus,
1528 1884 1555 1914 si

51 1942 194 1980 clemens,
214 1942 245 1972 et
266 1950 327 1980 quo
341 1940 411 1980 plus
431 1939 552 1980 legibus
573 1942 674 1979 potest
690 1949 725 1971 eo
745 1939 844 1980 magis
864 1939 986 1979 legibus
1006 1940 1108 1972 subsit
1120 1941 1141 1979 ⁸,
1161 1940 1206 1972 ibi
1220 1943 1307 1972 certa
1328 1951 1399 1981 pax,
1419 1941 1464 1972 ibi
1477 1951 1552 1973 vera

50 2000 180 2031 libertas
199 2000 255 2029 est.
281 1997 328 2028 Ex
349 1997 477 2028 adverso
491 1996 503 2013 ⁹
530 1999 636 2027 autem
657 1996 735 2026 nihil
756 2006 821 2028 esse
849 1996 986 2028 deterius
1007 2000 1111 2037 potest
1139 2008 1236 2037 quam
1257 2008 1354 2038 quum
1374 1998 1408 2028 in
1424 1999 1445 2015 ¹⁰
1460 1998 1553 2029 unius

51 2056 168 2098 perditi
181 2054 313 2087 hominis
326 2053 456 2085 libidine
469 2053 584 2084 collata
599 2056 672 2084 sunt
685 2053 791 2093 capita
805 2053 974 2085 multorum
990 2057 1021 2085 et
1035 2055 1225 2094 perniciosae
1240 2055 1396 2086 voluntati
1408 2056 1427 2072 ¹¹
1440 2056 1553 2096 juncta

53 2117 100 2146 est
121 2113 254 2144 facultas
274 2111 412 2143 nocendi.
440 2110 522 2149 Quid
542 2111 625 2141 enim
651 2110 868 2142 detestabilius
890 2121 984 2150 quam
1014 2112 1045 2142 G.
1069 2111 1242 2152 Calligulae
1257 2113 1278 2130 ¹²
1300 2113 1388 2149 risus,
1416 2113 1478 2153 qui,
1506 2124 1553 2146 ro-

51 2181 164 2202 manae
185 2169 377 2209 reipublicae
396 2168 516 2208 primus
536 2167 688 2208 princeps,
710 2178 807 2207 quum
828 2168 969 2199 consules
989 2168 1182 2201 adhibuisset
1202 2170 1234 2200 in
1255 2169 1373 2201 curiam
1390 2171 1419 2208 ¹³,
1449 2171 1552 2203 subito

53 2229 120 2260 risu
134 2229 294 2268 correptus
308 2228 366 2264 est,
380 2235 540 2266 quumque
554 2227 844 2265 percunctarentur,
859 2236 995 2265 quanam
1009 2236 1103 2258 causa
1116 2227 1148 2257 id
1161 2227 1201 2259 :ab
1215 2237 1250 2259 eo
1264 2227 1362 2267 fieret,
1381 2229 1550 2269 respondit,

60 2325 70 2341 ¹
90 2321 150 2350 PM.
163 2322 313 2356 parentem
834 2318 843 2336 7
863 2318 908 2345 Br.
926 2319 962 2346 84
980 2319 1095 2354 itaque;
1114 2319 1154 2355 gli
1172 2319 1238 2348 altri
1258 2320 1297 2349 ita

62 2368 74 2385 ²
93 2367 157 2394 Cosi
176 2365 270 2401 Ram.;
289 2363 365 2400 negli
383 2362 448 2391 altri
467 2361 671 2397 codiciamanea
689 2364 785 2397 questa
834 2362 845 2380 ⁸
862 2362 916 2390 ΡΡ.
935 2363 1033 2390 subsit.
1053 2363 1104 2392 Ibi

84 2410 189 2447 parola.
831 2406 843 2426 ⁹
862 2407 938 2435 Ram.
959 2408 1069 2436 diverso

62 2457 72 2475 ³
92 2456 146 2484 ΡΡ.
167 2454 287 2482 maxime
305 2460 353 2488 per
372 2453 499 2480 nostram
820 2451 844 2471 ¹⁰
861 2451 906 2480 ΒΓ.
925 2451 959 2479 84
977 2453 1118 2489 aggiunge
1136 2454 1176 2488 in,
1200 2453 1249 2482 che
1268 2463 1364 2485 manca
1382 2458 1458 2494 negli
1485 2460 1550 2489 altri

63 2500 73 2519 ⁴
92 2500 155 2528 Cosi
178 2499 255 2527 Ram.
282 2506 296 2525 e
313 2497 372 2526 eod.
392 2496 475 2524 citato
492 2495 535 2531 {da
554 2494 632 2530 PM.;
658 2493 699 2530 gli
716 2494 782 2523 altri
853 2495 940 2523 codici

85 2544 178 2572 hanno
196 2541 357 2578 coynitiorze
820 2540 839 2557 ¹¹
862 2539 938 2567 Ram.
958 2540 1099 2575 voluptati

63 2590 74 2608 5
91 2588 145 2616 Nei
163 2585 251 2615 codici
268 2585 358 2614 simili
822 2583 844 2602 ¹²
863 2583 918 2611 ΡΡ.
943 2584 1105 2613 Gallieulac

63 2634 76 2654 ὅ
93 2633 172 2661 Ram-
184 2631 345 2668 perpetum
363 2629 424 2658 PM.
436 2637 480 2665 pp
490 2637 501 2664 ;
519 2628 560 2665 gli
578 2627 643 2657 altri
655 2629 776 2664 propter
821 2629 843 2646 ⁴³
861 2627 938 2656 Ram.
959 2628 1013 2656 ΡΡ.
1031 2637 1129 2658 cenam
