1845 3076
766 180 904 204 EPISTOLE
1556 177 1598 209 85

84 261 222 298 iubente,
243 270 367 292 necesse
387 263 457 293 erat
477 271 599 301 parere,
616 265 652 294 ut
671 263 703 294 in
721 263 868 296 honorem
889 275 1015 306 quoque
1035 266 1208 307 Scriptoris,
1230 268 1285 308 qui
1306 268 1426 300 latinus
1447 268 1509 300 fuit
1523 270 1596 310 (qui

84 318 262 358 s'inyanna
282 318 307 349 z'l
334 318 495 359 Verqerio),
517 318 657 351 laborem
678 320 762 352 hunc
777 332 839 352 non
859 322 975 353 invitus
996 333 1205 362 assumerem;
1228 328 1260 356 et
1274 335 1334 365 que
1349 325 1388 357 de
1410 326 1504 358 rebus
1519 325 1595 358 Gre-

84 385 191 407 oorum
204 374 302 406 Grece
316 375 446 415 scripsit,
467 376 500 406 in
514 375 649 407 latinum
664 376 782 408 latinus
803 379 1018 417 transferrem,
1039 380 1182 421 illudque
1198 381 1268 412 Tibi
1283 382 1446 421 traditum,
1462 385 1494 414 et
1507 383 1594 421 mihi,

83 435 116 463 et
136 431 180 463 Te
202 432 240 472 (a
261 432 305 472 ta)
327 432 588 471 commendatum,
617 433 726 465 latinis
746 444 820 466 vero
842 445 968 475 prorsus
994 437 1206 477 incognitum:
1233 439 1363 470 tandem
1383 440 1473 480 quasi
1500 440 1592 481 longo

80 489 279 530 postliminio,
300 489 333 520 in
354 488 493 521 Patriam
514 500 702 528 revocarem,
723 494 756 522 et
775 492 838 523 suis
857 495 1027 533 utrumque
1046 493 1156 525 darem
1175 496 1442 535 cognoscendum:
1467 497 1537 536 Qua
1557 498 1592 529 111

81 555 115 577 re
129 546 223 578 licere
243 546 319 577 mihi
334 556 402 577 sum
422 546 612 584 arbitratus:
626 547 696 579 Tibi
710 558 782 579 vero
802 559 864 580 non
880 549 1026 581 futurum
1046 551 1207 591 ingratum
1222 555 1326 583 certus
1340 563 1418 591 sum,
1432 555 1462 586 si
1474 554 1585 595 plano,

83 613 121 635 ac
139 613 214 643 pene
233 603 359 644 wlyari
376 603 448 635 stilo
467 613 575 636 sensus
597 607 729 642 tantum,
750 616 811 637 non
832 606 933 644 verba,
957 609 1169 648 transferrem,
1198 616 1236 640 ut
1255 619 1291 641 eo
1311 620 1394 642 nunc
1417 611 1553 651 primum
1575 622 1594 643 e

81 660 194 692 Grecia
214 661 376 698 redeunte,
403 663 435 692 et
455 664 587 692 externa
607 665 758 694 narrante
779 673 799 693 a
819 663 925 694 latinis
946 664 1132 705 quibusque,
1160 666 1210 697 vel
1230 666 1456 699 indoctioribus
1483 679 1590 700 rerum

74 720 238 759 gestarum
265 721 356 750 tenor
377 718 473 758 possit
499 719 642 757 agnosci:
674 718 829 751 Ornatum
856 723 965 752 autem
985 722 1144 760 orationis,
1173 726 1205 754 et
1226 724 1351 755 dicendi
1379 725 1587 766 elegantiam:

78 776 192 816 quibus
211 775 273 813 ine,
295 775 344 806 vel
364 775 395 806 in
417 775 521 806 aliena
543 775 651 813 lingua
673 776 845 816 plurimum
867 777 993 815 eminet,
1014 779 1039 809 si
1061 780 1131 819 quis
1151 779 1232 812 forte
1253 792 1324 812 eum
1345 792 1452 812 rerum
1477 783 1592 814 notitia

78 833 199 874 pariter
219 833 386 870 desiderat,
408 843 470 863 non
491 844 510 864 a
531 844 581 864 ine
602 833 696 864 alieni
718 835 867 865 sermonis
888 836 1071 876 interprete,
1091 837 1145 868 sed
1159 837 1199 869 ab
1220 838 1285 878 ipso
1307 839 1435 870 historie
1450 843 1588 877 auctore,

77 893 111 922 et
136 891 296 923 conditore
317 891 498 931 requirat».

778 1100 887 1132 LXIV.

751 1176 779 1207 S.
802 1177 830 1207 d.
852 1186 877 1207 e.
900 1177 920 1208 i.

426 1252 504 1288 (PP.
526 1260 553 1281 n.
574 1252 635 1279 122
654 1251 691 1279 (Ia
708 1252 767 1281 cod.
787 1252 832 1279 <lei
852 1252 915 1280 ΓΡ.
936 1252 1099 1285 Risermnti
1111 1260 1144 1287 1).
1164 1252 1241 1283 139).

152 1322 265 1354 Jussus
286 1333 356 1354 sum
376 1322 417 1354 ad
436 1322 580 1353 libellum
605 1325 698 1354 tuum
719 1322 903 1359 rescribere,
932 1332 1026 1362 quem
1045 1322 1171 1353 Summo
1199 1322 1347 1354 Pontifici
1367 1326 1473 1354 nostro
1496 1323 1590 1354 Imm-

69 1380 167 1413 cmtio
194 1380 268 1412 VII
284 1380 317 1410 in
337 1380 427 1411 initio
445 1379 494 1410 sui
514 1379 715 1420 pontificatus
737 1379 950 1416 transmisisti,
979 1383 1011 1410 et
1031 1390 1092 1419 que
1113 1380 1147 1410 in
1168 1379 1257 1411 ilium
1273 1381 1282 1397 ¹
1310 1380 1372 1411 dici
1392 1390 1479 1420 posse
1504 1380 1588 1412 vide-

70 1439 183 1469 rentur
202 1440 239 1469 ut
258 1438 456 1478 attingerem.
477 1437 662 1477 Apparebat
689 1437 773 1468 enim
794 1436 902 1467 multis
923 1447 961 1468 ex
982 1437 1126 1476 partibus
1157 1437 1289 1468 convelli
1311 1447 1399 1477 posse
1426 1438 1510 1477 quod
1531 1448 1587 1478 ego

70 1505 132 1526 non
153 1497 221 1526 tam
241 1495 450 1526 contendendi
470 1494 574 1526 studio
595 1505 691 1534 quam
713 1494 846 1534 parendi
867 1497 937 1525 voto
960 1494 1028 1532 feci,
1042 1495 1169 1525 tametsi
1189 1494 1264 1534 ipse,
1286 1505 1356 1525 cum
1377 1499 1496 1526 natura
1515 1498 1585 1528 tum

70 1552 237 1590 industria,
267 1553 364 1584 etiam
394 1552 434 1584 ad
454 1551 669 1593 hujuscemodi
696 1551 951 1591 disputationem,
981 1552 1044 1583 sive
1065 1552 1104 1583 de
1131 1551 1304 1592 disciplinis
1330 1552 1394 1583 sive
1415 1552 1455 1583 de
1484 1553 1581 1584 rebus

69 1610 207 1650 agendis,
227 1610 318 1642 facile
338 1620 455 1650 pronus
476 1609 609 1641 videtur.
631 1609 677 1640 Ex
692 1620 754 1650 quo
776 1619 890 1650 genere
911 1609 1144 1641 exercitationis
1165 1610 1310 1647 maxime,
1332 1611 1396 1641 sive
1411 1610 1450 1641 de
1470 1610 1584 1641 studiis

69 1670 156 1706 meis,
182 1668 322 1700 fructum
348 1670 540 1705 consecutus,
567 1667 601 1698 in
622 1667 679 1698 hoc
698 1670 806 1698 tamen
827 1670 983 1707 quantum
1008 1668 1085 1698 mihi
1106 1668 1222 1708 negotii
1249 1678 1393 1709 arrogem
1415 1671 1472 1699 aut
1499 1671 1584 1700 certe

68 1727 171 1758 oneris
190 1726 330 1765 subeam,
349 1736 413 1757 non
432 1735 502 1756 sum
522 1725 654 1763 nescim,
682 1735 779 1765 quum
800 1728 868 1756 tum
883 1725 893 1741 ‘²
920 1725 1005 1756 dicta
1025 1728 1094 1756 tum
1108 1726 1120 1743 ³
1147 1725 1188 1756 ad
1207 1725 1370 1757 Summum
1399 1726 1584 1758 Pontificem

66 1784 192 1824 scripta,
213 1786 246 1815 et
265 1784 299 1815 in
318 1793 413 1815 causa
433 1786 500 1814 tam
520 1783 630 1821 ardua,
650 1783 835 1824 impugnare
855 1793 941 1823 paro.

780 2044 872 2076 LXV.

331 2119 772 2152 OLDOVRANDINO
808 2119 872 2150 DE
908 2119 1188 2150 FERRARIA
1222 2120 1250 2152 S.
1287 2120 1323 2152 D.

538 2204 666 2233 PADUAE,
687 2203 742 2226 vm
762 2203 830 2226 mn.
851 2204 1002 2235 JANUARJI,
1025 2196 1109 2226 1392.

700 2278 782 2302 mom:
804 2279 951 2301 paramo

442 2347 509 2382 (Br.
522 2355 554 2382 p.
574 2347 634 2380 30,·
654 2363 687 2366 —
706 2345 778 2374 PM.
798 2355 820 2374 c.
840 2347 878 2374 91
892 2347 932 2379 1‘.;
952 2363 984 2366 —
1004 2346 1068 2374 ΓΡ.
1087 2355 1116 2374 η.
1135 2347 1184 2374 ,9,2.

145 2419 237 2451 Jocos
251 2420 321 2449 tuos
335 2418 413 2449 alias
434 2417 628 2453 insectabar;
649 2416 730 2447 serio
743 2426 828 2447 nune
849 2418 977 2447 acturus
991 2426 1069 2453 sum,
1091 2416 1168 2456 qm'n
1189 2419 1295 2447 tamen
1307 2417 1327 2454 ⁴,
1348 2417 1374 2448 si
1387 2420 1482 2450 antea
1495 2420 1580 2460 quod

65 2479 99 2510 111
118 2488 169 2509 me
190 2481 236 2510 est
257 2477 370 2509 virium
399 2475 587 2515 explicuero,
616 2484 679 2506 non
699 2484 826 2514 possum
846 2474 922 2505 satis
948 2474 1041 2514 digne
1062 2484 1119 2514 pro
1148 2474 1265 2506 virtute
1285 2477 1342 2506 tua
1362 2478 1395 2507 et
1421 2477 1578 2509 amicitiae

75 2573 85 2590 ¹
106 2571 163 2600 PP.
182 2573 209 2599 et
225 2578 313 2606 quam
327 2592 332 2598 .
348 2592 353 2598 .
367 2592 373 2598 .
389 2592 394 2598 .
414 2568 501 2597 illum
855 2567 865 2585 ⁴
889 2566 965 2602 Quin
979 2568 1072 2595 tamen
1083 2566 1142 2594 vale
1157 2569 1260 2602 quanto
1275 2567 1465 2598 nihilominus
1475 2571 1580 2607 tamen,

73 2619 86 2636 2
103 2616 159 2644 pp⁴
178 2615 248 2643 dnm
879 2613 1015 2646 attamen,
1034 2620 1097 2639 cum
1119 2613 1213 2640 tamen
1233 2612 1278 2648 (V.
1299 2613 1435 2650 Vallauri)

68 2663 86 2680 ’3
105 2663 132 2690 ct
150 2662 199 2688 tua
