1845 3076
751 173 890 196 Er1sromz
1520 165 1575 196 15⁷

787 331 850 362 CII.

285 423 753 456 OLDROVANDINO
796 424 862 455 DE
904 424 1205 455 FERRARIA
1247 423 1274 455 S.
1318 424 1353 455 D.

568 508 696 536 PADUAE,
718 508 770 530 1111
792 508 860 530 Non.
883 508 957 536 JAN„
980 499 1064 530 1396.

457 575 526 609 (ΒΓ.
540 584 571 610 2).
590 576 649 607 3-ss
669 591 700 594 —
722 575 793 603 PM.
813 584 834 603 c.
855 576 913 607 96η
934 591 965 594 -
987 575 1048 603 PP.
1068 584 1096 603 n.
1116 576 1174 611 43.)

139 663 422 704 Quandoquidem¹
450 664 552 703 prima
580 663 767 703 prudentiae
795 666 964 703 praecepta
991 667 1075 701 sunt,
1103 667 1137 694 ut
1159 673 1379 703 cognoscamus
1400 673 1455 693 nos
1477 663 1568 701 ipsos,

58 721 174 753 deinde
190 724 226 752 ut
240 720 335 752 finem
354 721 387 751 in
407 721 491 752 omni
505 731 538 751 re
552 724 736 760 spectemus,
757 721 828 751 finis
848 723 955 751 autem
976 721 1114 751 omnium
1136 730 1226 759 mors,
1248 720 1322 751 hinc
1343 720 1379 751 fit
1402 723 1437 751 ut
1459 729 1573 759 magno

60 782 93 811 et
113 779 247 819 sapienti
267 779 331 810 viro
347 782 421 810 ante
442 779 547 809 omnia
567 779 731 810 conveniat
752 778 959 815 considerare,
981 778 1063 818 quod
1078 779 1098 815 ²,
1117 778 1180 809 sive
1201 777 1409 809 conditionem
1432 780 1571 808 nostram

60 837 214 877 respicere
235 836 375 873 velimus,
396 836 428 867 in
451 836 571 867 nullam
599 846 665 866 rem
684 846 790 866 sumus
804 837 815 853 ³
842 836 1011 876 proniores,
1038 836 1100 867 sive
1121 838 1253 866 mortem
1278 835 1387 875 ipsam,
1411 835 1461 864 vix
1481 834 1515 864 in
1535 843 1570 864 re

61 893 128 925 ulla
147 894 270 934 peccari
289 894 388 934 magis
410 897 519 933 potest.
546 893 692 933 Plerique
714 893 797 924 8111111
818 893 897 924 bene
919 893 1156 933 prudenterque
1171 893 1180 909 ⁴
1209 892 1365 933 reliquam
1386 892 1483 922 vitam
1504 900 1572 922 exe-

59 954 192 992 gerant;
213 951 339 988 indocti,
354 954 389 982 ut
402 955 450 982 est
471 950 556 991 apud
578 950 767 987 Ciceronem,
789 960 873 981 more
896 950 1053 981 histrionis
1072 950 1105 980 in
1121 954 1261 981 extremo
1281 953 1355 981 actu
1377 948 1569 980 defecerunt.

58 1008 179 1040 Deinde
193 1008 350 1040 sententia
364 1008 420 1039 illa
436 1019 491 1039 seu
506 1008 706 1050 proverbium
722 1008 816 1044 venit,
837 1007 921 1047 quod
935 1010 1002 1038 tota
1017 1007 1283 1047 phjlosophorum‚
1297 1006 1380 1038 idest
1393 1007 1573 1045 sapientum

58 1067 124 1098 vita
143 1065 372 1097 commendatio
386 1066 398 1082 ⁵
420 1066 527 1097 mortis
550 1069 603 1097 est.
626 1065 707 1104 Quid
729 1065 811 1095 8111111
833 1064 919 1095 aliud
935 1065 946 1081 ⁶
965 1065 1122 1105 sapientes
1143 1064 1308 1095 elaborant
1331 1074 1425 1104 quam
1442 1067 1475 1094 ut
1490 1063 1571 1094 bene

58 1123 138 1154 mori
151 1123 288 1163 possint?
309 1124 373 1154 Aut
388 1123 443 1162 qui
458 1123 538 1154 bene
554 1123 631 1154 mori
653 1126 790 1163 possunt,
804 1123 865 1153 nisi
885 1123 940 1162 qui
960 1123 1040 1154 bene
1054 1122 1219 1153 vixerunt?
1242 1122 1324 1152 Bene
1338 1124 1444 1152 autem
1460 1120 1551 1151 illum
1561 1120 1573 1136 ⁷

59 1181 171 1212 vixisse
192 1181 379 1212 dicendum⁸
400 1184 455 1218 est,
468 1181 522 1220 qui
538 1191 598 1212 non
620 1191 714 1211 unam
737 1184 793 1211 aut
813 1181 958 1217 alteram,
979 1180 1033 1211 sed
1055 1181 1109 1220 qui
1130 1189 1236 1211 omnes
1256 1180 1338 1210 vitae
1359 1184 1467 1219 partes
1488 1180 1573 1209 aeta-

59 1241 169 1279 tesque
195 1248 300 1270 omnes
325 1238 367 1269 ad
388 1242 563 1269 extremum
590 1249 660 1269 cum
682 1238 852 1278 prudentia
879 1239 1063 1278 rationeque
1088 1237 1288 1277 dispensavit.
1318 1236 1408 1275 Quod
1429 1246 1502 1276 ergo
1532 1235 1574 1266 ad

63 1299 206 1328 extrema
227 1296 351 1333 attinet,
371 1306 485 1337 magna
506 1306 570 1327 esse
591 1307 668 1328 cura
690 1297 824 1336 sapienti
846 1296 949 1333 debet,
970 1306 1008 1327 ne
1029 1295 1105 1336 quid
1127 1295 1267 1335 ambigui
1287 1297 1345 1326 aut
1368 1294 1480 1325 incerti
1500 1295 1571 1333 post

60 1354 156 1396 hujus
176 1354 260 1385 vitae
279 1364 439 1385 excessum
459 1354 492 1384 in
506 1354 601 1385 rebus
621 1354 684 1384 suis
703 1356 853 1394 emergat,
874 1353 938 1391 sed,
958 1353 1006 1384 uti
1019 1352 1194 1393 prudenter
1208 1352 1314 1383 omnia
1333 1352 1366 1383 in
1387 1352 1453 1382 vita
1473 1351 1570 1382 admi·

61 1412 198 1444 nistrata
219 1415 304 1449 sunt,
331 1411 378 1442 ita
403 1412 487 1443 facta
514 1421 579 1442 esse
599 1414 669 1451 post
695 1414 827 1443 mortem
853 1414 1036 1451 appareant.
1065 1410 1131 1441 Hoc
1152 1413 1260 1441 autem
1288 1408 1483 1440 testamentis
1509 1408 1573 1439 suis

57 1469 211 1501 conficere
231 1469 370 1501 homines
389 1469 499 1506 solent,
522 1472 553 1500 et
584 1479 767 1509 supremum
786 1469 819 1499 in
840 1469 884 1500 eis
907 1468 1061 1509 judicium
1087 1468 1258 1499 declarare.
1287 1466 1376 1506 Quod
1401 1467 1426 1497 si
1443 1466 1516 1507 jure
1539 1468 1573 1497 et

60 1527 182 1568 legibus
203 1530 332 1565 constet,
358 1527 461 1567 ipsum
483 1537 607 1567 quoque
628 1537 685 1567 per
705 1526 789 1567 leges
811 1527 930 1558 servari
957 1526 1072 1557 debere
1093 1526 1299 1557 constitutum
1323 1527 1378 1556 est.
1407 1524 1573 1564 Nusquam

61 1595 135 1617 vero
149 1584 260 1616 melius
272 1585 412 1616 ordinari
427 1587 619 1616 testamenta
632 1587 762 1625 possunt
776 1587 833 1616 3111
847 1584 931 1615 111138
942 1584 953 1601 ⁹
966 1593 1016 1614 res
1028 1583 1108 1620 fieri,
1121 1593 1218 1623 quam
1232 1593 1302 1614 cum
1316 1582 1439 1613 animus
1453 1581 1572 1613 viribus

59 1642 125 1674 suis
145 1642 237 1683 viget,
251 1644 283 1673 et
296 1642 381 1673 omni
400 1642 531 1674 adversa
545 1641 725 1673 valetudine
746 1652 879 1673 vacuum
893 1644 940 1672 est
954 1651 1072 1681 corpus.
1096 1640 1178 1679 Quid
1194 1640 1277 1671 enim
1290 1642 1367 1670 tunc
1381 1639 1573 1677 decernitur,

59 1708 81 1731 a
93 1701 172 1740 puro
192 1699 385 1740 rationisque
405 1699 655 1739 prudentiaeque
677 1699 763 1730 fonte
784 1698 955 1736 derivatur,
976 1709 1071 1738 quem
1085 1708 1143 1729 nec
1156 1697 1302 1729 molestia
1322 1697 1499 1737 perturbet,
1515 1706 1574 1728 nec

61 1755 229 1788 infirmitas
249 1757 380 1788 minuat.
403 1756 612 1796 Quamobrem
634 1759 690 1788 etc.
714 1756 800 1788 Vale.

69 2225 78 2242 ¹
98 2224 144 2252 Β1.
163 2232 177 2252 8
196 2223 257 2252 ΡΜ.
281 2223 421 2260 Quoniam
441 2223 555 2258 quidem
841 2225 852 2242 ⁶
870 2224 925 2251 PP.
946 2223 1022 2251 illud

69 2269 82 2288 ²
100 2268 155 2297 PP.
173 2276 247 2303 quae
844 2270 854 2286 ⁷
875 2268 920 2297 Β1.
939 2277 953 2296 8
972 2268 1032 2296 ΡΜ.
1052 2268 1100 2296 ille

67 2313 80 2331 ³
98 2313 152 2341 PP.
171 2313 264 2341 simus
839 2314 850 2331 ⁸
870 2313 915 2341 Br.
936 2321 949 2340 e
968 2312 1029 2341 PM.
1049 2312 1185 2341 dicendus

69 2357 80 2375 ⁴
99 2355 153 2386 PP.
171 2357 238 2385 bom·
250 2357 464 2392 prudentesque
843 2359 855 2376 ⁹
873 2357 934 2386 PM.
954 2357 1024 2385 illae

67 2402 80 2419 ⁵
98 2401 196 2431 Codice
215 2401 300 2430 citato
319 2401 354 2429 da
373 2402 434 2429 ΒΜ.
453 2402 650 2430 commentatio
