1845 3076
807 187 943 211 amsronss
1569 179 1625 209 201

791 346 954 378 cxxxiv.

660 421 719 461 (A.
754 420 1026 453 CRISOLORA
1051 422 1092 460 ¹.)

793 499 815 518 s.
839 487 867 518 d.
891 498 915 518 e.
939 488 955 517 i.

415 554 480 589 (Br.
494 563 525 589 p.
545 554 583 581 57
602 562 616 581 e
634 554 674 581 87
694 555 730 586 ff.‚·
752 570 783 572 —
807 554 876 582 PM.
895 564 916 582 c.
937 555 995 582 120
1015 556 1052 587 ἧς
1076 571 1105 573 ν-
1124 555 1187 583 PP.
1208 565 1234 583 η.
1256 556 1334 590 113.)

194 625 296 664 Quum
316 627 422 656 certus
444 627 540 656 antea
562 624 637 656 mihi
652 623 783 655 videbar
803 633 841 655 ex
862 624 899 654 iis
910 625 930 661 ²,
952 634 1022 664 quae
1042 635 1061 655 a
1083 625 1226 665 pluribus
1247 625 1443 663 audivissem,
1463 626 1571 657 abesse
1592 629 1626 658 te

110 682 234 724 jamdiu
255 682 356 721 Italia,
376 682 452 714 dum
472 682 694 722 imperatorem
716 683 854 712 vestrum
874 682 906 712 in
928 681 1108 713 ulteriorem
1130 681 1266 713 Galliam
1291 684 1484 723 sequereris³
1506 685 1627 724 (omncs

117 741 210 777 enim,
233 750 310 780 quos
331 739 561 779 percunctabar
581 739 654 770 inde
677 739 846 776 venientes,
871 749 932 770 uno
959 749 1109 770 consensu
1138 739 1329 777 fatebantur,
1358 741 1469 772 abiisse
1497 742 1630 781 impera-

112 799 213 829 torem
235 799 323 828 trans
342 796 438 836 Alpes
459 806 529 828 cum
550 796 617 836 ejus
637 795 798 833 comitatu,
820 806 877 827 nec
894 799 1089 836 'quemquam
1110 797 1142 827 in
1164 797 1256 828 Italia
1278 798 1443 837 restitisse)
1466 808 1556 829 nemo
1581 801 1626 829 ta-

113 864 185 886 men
205 856 274 886 erat
295 854 349 894 qui
369 853 408 884 de
428 857 460 884 te
481 853 665 884 nominatim
680 853 737 884 hoc
751 853 879 890 diceret,
898 864 991 894 quem
1007 864 1096 885 nemo
1110 864 1148 885 ex
1163 855 1210 885 his
1226 865 1302 895 quos
1315 865 1383 886 sum
1398 858 1624 895 percunctatus

114 912 299 944 nominatim
319 914 422 943 nosset
433 912 451 943 ⁴.
474 912 563 943 Hanc
583 912 691 952 itaque
712 913 889 952 opinionem
911 914 1044 948 secutus,
1067 915 1232 953 postquam
1255 913 1317 944 huc
1338 913 1473 953 primum
1499 913 1626 944 veniens

114 969 239 1002 litteras
259 972 291 1001 et
311 978 349 1001 ex
372 969 510 1000 Venetiis
531 972 564 1000 et
584 970 656 1000 hinc
677 969 758 1008 dedi,
772 969 851 1000 nihil
865 973 1020 1010 praeterea
1040 970 1157 1010 scripsi,
1172 980 1229 1001 nec
1247 970 1419 1010 quidquam
1440 981 1477 1001 ex
1498 971 1544 1001 his
1560 981 1630 1011 quae

114 1027 153 1059 de
174 1030 206 1058 te
227 1027 397 1067 plurimum
419 1027 568 1067 optabam
590 1031 799 1067 persequutus
810 1028 820 1043 ³
842 1038 918 1058 sum.
935 1028 1104 1059 Redditum
1119 1031 1209 1059 tuum
1221 1029 1231 1044 '⁵
1245 1029 1389 1068 operiens
1405 1038 1441 1059 ac
1456 1028 1553 1059 veluti
1568 1038 1631 1059 cor-

113 1086 166 1116 tus
186 1085 233 1116 rei
253 1085 293 1115 ad
314 1084 439 1121 amicos,
460 1085 514 1124 qui
535 1088 609 1116 sunt
628 1085 805 1122 Florentiae,
827 1088 859 1116 et
879 1085 919 1116 ad
941 1085 1128 1123 Pallantem,
1152 1086 1205 1125 qui
1228 1085 1383 1126 fugienda>
1410 1086 1505 1125 pestis
1527 1087 1631 1126 gratia

118 1142 289 1174 Bononiam
311 1142 405 1180 venit,
427 1142 485 1173 hoc
506 1143 622 1182 scripsi.
646 1142 737 1174 Nunc
758 1145 864 1174 autem
886 1153 923 1173 ex
946 1143 1095 1183 magistro
1116 1143 1201 1174 Luca
1222 1144 1260 1173 de
1291 1143 1419 1179 Gaudia,
1441 1144 1506 1174 viro
1535 1144 1632 1183 probe

120 1199 254 1236 erudito,
273 1199 328 1239 qui
349 1199 406 1230 has
426 1199 551 1231 litteras
573 1200 693 1237 reddet,
714 1201 850 1241 cognovi,
872 1200 954 1240 quod
976 1201 1021 1231 ita
1041 1201 1082 1231 ab
1103 1201 1209 1231 amicis
1232 1201 1293 1231 tuis
1316 1201 1453 1232 Venetiis
1481 1202 1629 1238 audisset,

117 1256 290 1289 substitisse
312 1259 344 1287 te
365 1256 472 1294 Ticini,
495 1257 549 1288 ubi
564 1257 757 1297 praecipuum
771 1257 872 1289 locuni
888 1260 920 1288 et
934 1258 1058 1289 honoris
1070 1261 1102 1288 et
1116 1258 1347 1289 commodorum
1364 1258 1490 1290 habeas.
1507 1259 1630 1298 Magnae

118 1314 258 1354 profecto
279 1313 355 1344 mihi
376 1314 530 1354 voluptati
552 1314 612 1346 fuit
633 1315 664 1345 id
685 1315 805 1352 audire,
826 1326 922 1354 quum
944 1318 1000 1346 tua
1021 1325 1126 1351 causa,
1149 1315 1198 1346 oui
1219 1316 1301 1346 bona
1322 1316 1427 1347 omnia
1446 1317 1545 1356 cupio,
1561 1319 1628 1347 tum

118 1375 152 1403 et
174 1381 251 1402 mea.
275 1371 367 1409 Nam,
389 1371 556 1403 dummodo
578 1382 763 1412 permaneas
784 1373 816 1402 in
839 1372 940 1409 ltalia,
962 1382 1061 1412 spero,
1083 1383 1130 1403 me
1153 1373 1201 1403 vel
1222 1373 1384 1404 absentem
1411 1384 1499 1414 posse
1523 1384 1579 1414 per
1600 1377 1632 1404 te

117 1430 269 1470 proficere
291 1431 323 1460 in
344 1440 446 1470 graeoa
467 1430 618 1461 oratione.
639 1430 703 1470 Ego
725 1430 817 1467 enim,
839 1430 922 1470 quod
942 1430 974 1460 in
997 1440 1045 1461 me
1063 1433 1118 1468 est,
1133 1430 1252 1461 nullam
1268 1430 1350 1462 diem
1364 1431 1538 1462 intermitto
1552 1431 1628 1471 quin

118 1486 240 1527 aliquid
260 1486 299 1518 de
320 1487 428 1527 graecis
448 1487 559 1528 legam.
580 1487 641 1518 Sed
661 1487 739 1518 illud
761 1488 871 1527 utique
892 1490 925 1518 et
945 1488 1083 1527 praevidi,
1105 1490 1137 1519 et
1160 1488 1228 1525 tibi,
1249 1488 1275 1518 si
1300 1488 1480 1526 meministi,
1502 1488 1633 1529 praedixi

117 1554 215 1584 quum
246 1554 326 1576 esses
356 1545 500 1576 abiturus
511 1545 532 1582 ⁷,
563 1547 685 1576 certum
716 1545 740 1575 si
773 1545 847 1575 illuc
875 1545 958 1581 isses,
980 1555 1129 1585 magnum
1157 1545 1259 1576 locum
1288 1548 1340 1586 (ea
1369 1548 1415 1577 est
1440 1546 1524 1577 illius
1550 1547 1632 1586 prin-

115 1601 191 1642 cipis
214 1603 394 1642 Φιλστῖμια)
422 1612 487 1634 esse
511 1602 570 1633 tibi
591 1604 739 1642 paratum
750 1604 768 1633 ⁸.

129 1913 137 1930 ¹
157 1911 220 1940 Cosi
239 1912 333 1940 Combi
354 1913 383 1940 V.
404 1913 531 1948 Epistola
549 1913 697 1942 LXXXIII
911 1918 921 1933 ⁷
941 1916 985 1944 ΒΓ.
1006 1917 1059 1945 ΡΡ.
1080 1916 1232 1943 habiturus

128 1958 139 1974 ²
159 1956 223 1984 Cosi
243 1957 288 1985 ΒΓ.
308 1957 360 1993 87;
378 1957 419 1993 gli
439 1957 504 1986 altri
523 1958 568 1986 leis
905 1964 915 1976 ⁸
936 1962 995 1990 PM.
1015 1963 1081 1989 nota
1099 1961 1148 1989 che
1168 1961 1196 1989 la
1216 1961 1313 1989 lettera
1330 1964 1343 1988 [⁴
1358 1961 1534 1996 incompleta,
1548 1960 1641 1988 termi-

129 2002 140 2019 3
159 2000 244 2036 Negli
263 2001 330 2029 altri
349 2001 437 2030 codici
455 2003 583 2037 sequeris
934 2006 1026 2033 nando
1035 2006 1208 2041 collaparola
1217 2015 1300 2042 greca
1311 2006 1342 2035 V.
1352 2005 1478 2041 Epistola
1486 2005 1641 2034 LXXXIII.

129 2045 139 2063 ⁴
160 2045 206 2074 ΒΓ.
227 2046 287 2075 PM.
308 2048 403 2075 noscet
934 2050 1083 2078 Entrambe
1111 2051 1237 2078 trattano
1267 2050 1295 2078 lo
1325 2052 1416 2078 stesso
1447 2051 1607 2086 argomento
1627 2059 1640 2077 c

129 2091 140 2108 ⁵
159 2090 221 2119 ΡΜ,
234 2092 431 2126 prosequutus
931 2095 1013 2130 quasi
1032 2094 1101 2123 colle
1120 2096 1208 2122 stesse
1226 2094 1328 2130 parole.
1350 2095 1387 2122 La
1407 2095 1564 2123 LXXXIII.
1579 2102 1641 2129 pro-

130 2135 141 2152 ⁶
159 2134 205 2162 ΒΓ.
227 2134 286 2162 ΡΜ.
312 2134 408 2162 Tuum
427 2136 569 2163 redditum
932 2147 1016 2173 segue
1034 2139 1102 2173 dopo
1124 2143 1176 2163 *lm—1
1195 2145 1245 2162 ima
