1845 3076
742 167 880 191 musronn
1527 158 1569 188 25

54 252 175 291 Quibus
206 252 345 293 profecto
374 252 560 293 quaerendis
591 251 690 283 multo
711 260 822 282 nocere
839 252 847 268 ¹
870 250 940 290 plus
971 250 1050 282 solet
1077 250 1239 290 opulentia
1266 260 1361 290 quam
1383 251 1562 290 paupertas,

57 310 122 341 Has
142 312 178 341 ut
198 309 257 341 sibi
277 309 450 340 adsciscant
471 309 554 340 0111111
577 308 652 339 nixu
672 308 705 338 in
722 307 929 339 laborandum
943 308 954 324 ²
975 309 1029 338 est.
1052 306 1149 338 Nulla
1169 307 1253 338 enim
1271 307 1404 347 amplior
1426 305 1565 337 haeredi-

57 369 115 406 tas,
135 366 257 398 nullum
271 366 370 397 tutius
383 366 615 406 patrimonium,
637 365 743 396 nullae
757 364 1001 404 praestantiores
1021 373 1094 404 opes
1109 364 1216 404 parari
1230 364 1336 396 liberis
1359 366 1415 395 aut
1428 363 1564 403 relinqui

54 426 192 464 possunt,
223 422 312 454 nulla
331 423 432 464 major
450 423 548 463 gloria
580 422 752 453 transmitti
782 421 866 452 valet
887 421 927 452 ad
948 424 1094 461 posteros.
1117 421 1203 453 Haec
1224 424 1254 453 te
1276 431 1385 453 moneo
1407 420 1509 452 facere
1532 423 1564 451 et

57 490 177 512 curare-

772 738 854 769 XXI.

506 847 790 878 BELLEGNO
834 847 902 878 DE
945 847 1123 878 JANUA

588 931 716 960 PADUAE,
736 931 769 953 111
791 930 849 953 ΚΑΙ,
870 930 938 953 Nov.
961 922 1045 953 1395.

377 999 445 1035 (Br.
459 1007 490 1033 p.
509 998 548 1025 21
569 999 595 1031 ῖς
613 1013 648 1017 —
667 997 737 1025 PM.
756 1006 778 1025 c.
798 998 836 1025 84
857 999 874 1025 t.
893 1006 907 1025 e
926 998 998 1032 1113
1022 1013 1050 1015 —
1072 998 1132 1025 ΡΡ.
1155 1006 1181 1025 22.
1201 999 1262 1033 41.)

138 1087 259 1119 Dedisti
277 1087 449 1127 epistolam,
471 1095 597 1126 gravem
617 1085 743 1125 quidem
760 1084 878 1125 judicio
899 1095 976 1122 meo,
999 1088 1031 1116 et
1052 1095 1089 1116 ex
1111 1085 1211 1125 pleno,
1234 1088 1269 1116 ut
1290 1085 1344 1116 ille
1365 1087 1419 1123 ait,
1441 1088 1568 1125 pectore

53 1145 240 1176 venientem.
263 1144 378 1184 Magno
400 1153 469 1175 eam
490 1143 642 1174 desiderio
663 1142 733 1182 legi,
755 1152 825 1173 cum
840 1143 850 1159 ³
871 1143 918 1172 tui
939 1142 1210 1182 contemplatione,
1243 1145 1311 1173 tum
1333 1153 1370 1174 ex
1393 1153 1449 1174 sua
1471 1143 1568 1182 digni-

54 1204 131 1240 tate,
153 1212 235 1242 quae
255 1201 392 1241 plurima
412 1201 523 1231 inerat.
546 1199 671 1231 Mature
692 1199 748 1236 illi,
770 1199 878 1230 dedita
899 1200 938 1230 ad
960 1200 1017 1230 1100
1038 1210 1142 1239 opera,
1164 1210 1345 1240 responsum
1367 1200 1457 1232 dabo.
1484 1200 1567 1231 Nam

53 1259 131 1299 quid
152 1268 266 1295 rerum,
282 1261 317 1289 ut
332 1260 378 1288 est
394 1257 478 1297 apud
497 1257 681 1293 Terentium,
701 1266 805 1287 secum
820 1259 925 1296 portat
938 1257 950 1287 2
973 1256 1076 1287 Unum
1092 1259 1198 1288 autem
1213 1267 1338 1288 monere
1359 1260 1391 1288 te
1405 1258 1414 1274 ⁴
1431 1258 1463 1287 111
1479 1268 1566 1297 prae-

55 1316 157 1347 sentia
178 1315 245 1346 volo
277 1325 314 1346 ao
334 1324 523 1355 magnopere
544 1324 644 1351 orare,
666 1317 701 1344 ut
722 1313 781 1344 vile
796 1314 806 1330 ⁵
838 1314 1055 1351 ministerium,
1078 1314 1160 1354 quod
1181 1314 1303 1346 subiisti
1317 1315 1337 1351 ⁶,
1365 1314 1510 1354 deponas,
1533 1318 1564 1346 et

55 1373 168 1413 majori
189 1383 318 1404 munere
339 1372 469 1412 dignuin
490 1374 520 1402 te
542 1370 646 1402 facias.
669 1370 785 1401 Omitte
808 1381 977 1410 puerorum
997 1381 1115 1408 curam,
1137 1374 1169 1402 et
1189 1372 1272 1403 disce
1296 1372 1426 1412 populos
1448 1382 1564 1412 regere.

59 1429 204 1461 Studium
225 1429 339 1469 legum,
360 1429 409 1460 cui
429 1438 491 1460 non
511 1438 623 1468 parum
645 1431 676 1459 et
690 1428 839 1468 temporis
853 1430 885 1459 et
900 1428 1016 1459 laboris
1036 1428 1206 1468 aliquando
1220 1429 1342 1466 dedisti,
1367 1440 1563 1469 prosequere,

54 1490 112 1519 aut
132 1487 216 1527 quod
246 1487 291 1518 vis
323 1486 410 1518 aliud
431 1486 615 1526 aggrediare
636 1486 718 1517 lieet.
750 1485 833 1515 Dum
858 1485 1018 1526 ingenium
1048 1488 1139 1517 tuum
1170 1487 1475 1526 praestantissiimini
1497 1497 1567 1518 011111

56 1544 163 1584 pueris
183 1554 246 1575 non
267 1546 433 1581 emarceat,
454 1543 579 1574 imitare
600 1553 659 1580 me,
681 1553 740 1579 ine,
760 1552 853 1582 quem
873 1544 1038 1583 tantopere
1059 1543 1178 1574 laudas
1202 1543 1293 1580 Nam,
1315 1544 1372 1575 etsi
1394 1544 1567 1575 miserrime

58 1601 258 1633 serviendum
278 1603 358 1632 esset
371 1601 391 1637 ⁷,
423 1599 511 1631 nulla
543 1610 592 1631 me
614 1603 719 1631 tamen
741 1610 790 1630 res
805 1601 816 1615 ⁸
854 1603 956 1639 posset
975 1600 1016 1631 ab
1047 1600 1094 1630 his
1115 1601 1299 1632 felicissimis
1313 1602 1323 1617 0
1351 1602 1433 1632 vitae
1454 1601 1564 1632 studiis

58 1668 214 1690 revocare.
235 1658 272 1689 In
293 1658 350 1695 his,
371 1668 452 1698 quae
474 1657 640 1695 mandasti,
662 1657 857 1697 diligentiam
878 1667 1000 1689 omnem
1021 1657 1160 1695 adhibui,
1187 1659 1244 1689 etsi
1265 1669 1365 1699 paene
1386 1659 1510 1690 invitus.
1529 1677 1567 1681 —

56 1715 191 1756 Pigebat
206 1716 226 1732 ¹⁰
249 1715 332 1747 enim
354 1715 481 1746 1110103Π
504 1715 659 1751 distrahi;
681 1725 753 1745 nam
775 1714 832 1746 hoc
852 1718 944 1754 paeto
959 1718 990 1746 et
1007 1715 1199 1747 voluntatem
1214 1726 1337 1747 omnem
1358 1726 1377 1748 a
1399 1720 1431 1747 te
1450 1717 1471 1733 ¹2
1493 1717 1570 1757 abji-

57 1783 127 1804 cere
148 1772 302 1804 redeundi
323 1782 462 1812 unquam
482 1772 515 1803 in
535 1772 652 1809 literas,
674 1774 705 1803 et
726 1772 803 1802 mihi
823 1781 909 1811 spem
931 1774 1107 1804 universam
1129 1774 1195 1813 ejus
1216 1774 1271 1811 rei,
1300 1774 1325 1804 si
1347 1784 1443 1814 qnam
1465 1784 1568 1805 conce—

61 1839 179 1869 peram,
199 1829 337 1861 adimere
359 1829 514 1861 videbare.
538 1829 624 1860 Vale.

50 1973 52 1975 ,
68 1940 75 1956 ¹
96 1939 151 1967 ΡΡ.
170 1947 281 1968 necesse
842 1941 852 1957 ⁷
870 1939 925 1967 ΡΡ.
946 1941 987 1968 est

69 1983 80 2001 ‘²
99 1983 161 2012 Cosi
180 1983 209 2011 in
228 1984 285 2012 cod.
305 1983 390 2012 citato
409 1984 443 2012 da
462 1984 522 2012 PM.
552 1983 597 2011 Gli
617 1983 682 2012 altri
701 1983 790 2012 elabo-
840 1985 851 2001 ⁸
870 1985 930 2014 PM.
952 1992 977 2019 p.
998 1984 1049 2012 144
1069 1987 1126 2013 tam
1144 1995 1190 2015 res

92 2027 219 2055 rmzclmn
839 2030 850 2047 ⁹
870 2029 928 2058 PM.
949 2030 1004 2058 cita
1017 2030 1076 2058 cod.
1097 2031 1146 2059 che
1165 2031 1202 2059 ha
1216 2030 1413 2064 felicissimae.
1434 2031 1486 2059 ΡΡ.
1507 2038 1571 2067 pag.

68 2073 79 2089 ³
98 2071 159 2099 PM.
178 2080 204 2106 p.
224 2072 275 2100 144
294 2072 357 2107 leyi.
380 2072 454 2101 Cum
895 2074 946 2102 144
965 2074 1163 2107 felicissimwn

67 2117 78 2133 ⁴
97 2115 157 2143 PM.
176 2124 201 2150 p.
222 2115 274 2144 144
292 2124 408 2145 munere
428 2119 452 2145 tc
831 2120 851 2136 ¹⁰
870 2118 931 2147 PM.
950 2128 976 2154 p.
997 2119 1047 2147 144
1060 2120 1184 2156 piyebar

66 2159 78 2178 ⁵
98 2159 152 2188 ΡΡ.
171 2159 258 2188 villae
828 2165 847 2182 ¹¹
869 2163 924 2192 ΡΡ.
942 2164 975 2192 in
993 2163 1080 2192 libros

67 2205 78 2222 ⁶
96 2203 156 2232 PM.
177 2212 202 2239 p.
216 2204 268 2232 144
285 2204 386 2233 subisti
829 2209 851 2227 1²
869 2208 924 2236 ΡΡ.
943 2216 961 2236 α
979 2217 1008 2237 se
