1845 3076
243 155 282 186 70
875 163 901 186 P.
923 163 950 186 P.
971 163 1121 186 VERGERIO

242 246 356 277 deinde
376 249 422 283 ut,
444 246 469 276 si
490 245 567 285 quid
587 255 716 285 possem,
737 246 771 276 in
791 246 963 277 communis
982 247 1075 278 amici
1095 256 1161 278 rem
1181 249 1278 287 atque
1297 247 1448 280 honorem
1468 249 1643 280 conferrem
1658 250 1676 280 ¹.
1704 249 1752 281 Ex

240 303 345 343 priore
366 312 460 334 causa
480 302 598 333 frustra
619 305 665 333 est
685 302 763 333 mihi
783 303 845 333 iter
864 303 923 334 hoc
942 306 1140 343 susceptum3
1161 304 1284 336 abieras
1307 305 1398 337 enim.
1421 305 1458 336 In
1478 306 1648 345 posteriore
1663 305 1750 338 effeci

239 359 392 391 nonnihil.
413 359 495 390 Nam
516 369 614 399 quum
628 359 639 376 ²
660 359 871 391 adhibuissem
891 360 1000 391 literas
1021 361 1227 400 quorundam,
1249 371 1331 401 quae
1352 362 1390 393 de
1411 363 1528 394 virtute
1548 362 1634 394 illius
1656 373 1693 394 ac
1707 363 1752 394 di-

240 418 360 458 gnitate
380 416 577 457 praeclaram
597 416 691 448 fidem
711 416 861 454 facerent,
889 417 955 457 11130
975 420 1132 457 postremo
1153 418 1275 449 locutus
1293 428 1372 450 sum.
1403 419 1440 449 In
1460 429 1522 459 quo
1549 419 1625 451 satis
1645 422 1692 451 est
1712 429 1752 451 ne

239 475 404 515 praeventi
425 474 529 505 simus,
561 474 694 505 Caetera
720 484 810 514 spero
830 474 910 506 bene
937 484 1129 514 processura.
1161 475 1209 506 De
1230 475 1289 506 11οο
1309 475 1392 506 enim
1418 476 1646 516 dispositurum
1665 486 1698 508 se
1719 487 1753 508 se

232 541 362 572 praeses
381 531 434 569 ait,
457 541 553 571 quum
573 531 695 563 venerit
715 531 749 562 in
769 531 970 572 provinciam,
991 531 1127 572 primum
1148 532 1232 572 quod
1252 532 1363 564 honori
1383 533 1424 563 sit·
1444 533 1512 572 sibi,
1533 533 1647 565 deinde
1669 533 1753 574 quod

238 589 316 620 mihi
337 591 471 629 gratum.
493 588 581 620 Illico
602 589 685 620 enim
700 599 751 620 me
772 589 950 630 recognovit
964 589 974 606 ³
995 591 1027 620 et
1039 589 1095 620 hos
1115 589 1170 629 (1111
1183 589 1224 620 ad
1245 599 1276 620 se
1297 590 1479 621 scriberent.
1502 590 1604 628 Quam
1618 601 1685 622 rem
1705 591 1751 622 ita

239 656 455 687 processuram
477 656 557 683 reor,
578 650 624 685 ut,
649 657 747 686 quum
768 646 870 677 virum
894 646 1083 687 cognoverit,
1110 648 1279 686 rogaturus
1309 647 1349 677 sit
1378 647 1444 687 ipse
1465 657 1561 687 quam
1585 647 1749 688 rogandus.

240 704 362 735 Literas
381 707 452 735 tuas
471 704 658 743 posteriores
678 703 776 735 habui
798 703 898 743 pridie
921 703 1067 734 calendas
1088 703 1205 744 aprilis,
1226 703 1308 734 11111Δί
1331 704 1528 737 examinatus
1550 714 1652 745 paene
1673 715 1751 742 sum,

240 772 336 802 quum
352 771 390 792 ex
404 761 447 792 eis
466 761 614 801 legerem,
635 761 793 792 filiolum⁵
814 763 905 792 tuum
927 761 1063 799 unicum,
1084 761 1221 801 optimae
1242 761 1364 798 indolis
1386 772 1479 801 quem
1499 765 1604 793 tecum
1619 762 1680 792 11110
1699 761 1752 793 ad-

240 819 385 856 duxeras,
405 818 530 849 virtutis
545 828 582 849 ac
596 818 763 858 probitatis
783 821 859 849 tuae
873 821 905 849 et
918 818 1076 857 fortunae,
1097 828 1314 858 quaecumque
1329 821 1384 855 est,
1409 818 1551 850 futurum
1570 818 1750 856 haeredem,

241 877 345 907 valida
358 876 446 907 febre
459 878 647 915 correptum.
669 875 823 907 Timorem
845 875 1024 915 adjiciebat,
1044 875 1129 915 quod
1152 886 1190 906 ex
1211 875 1326 907 infecto
1340 876 1351 892 ⁶
1372 878 1404 907 et
1420 876 1579 915 pestilenti
1598 886 1673 907 aere
1694 878 1752 907 aut

241 936 326 964 certe
341 936 483 973 suspecto
504 943 575 963 eum
591 932 775 970 deduxeraS,
797 935 841 970 ut,
863 933 889 963 si
904 943 968 972 qua
981 935 1062 963 esset
1079 932 1166 963 labes
1181 942 1218 963 ex
1244 932 1310 963 loco
1330 935 1502 970 contracta,
1523 933 1557 963 in
1578 932 1753 972 periculum

240 991 380 1022 fortassis
401 993 587 1030 erumperet.
609 989 668 1020 Sed
683 989 847 1021 reddidisti
867 989 1021 1030 spiritum,
1043 1000 1138 1030 quum
1155 989 1195 1020 ad
1208 989 1343 1021 salutem
1365 993 1508 1030 spectare
1525 990 1593 1030 jam
1607 990 1753 1021 morbum

242 1051 274 1079 et
294 1048 507 1079 convalescere
534 1057 668 1087 puerum
690 1046 818 1078 diceres.
841 1046 945 1077 Facile
975 1047 1057 1077 enim
1086 1050 1117 1077 et
1145 1057 1184 1077 ex
1205 1046 1344 1078 laevibus
1359 1047 1369 1063 ⁷
1389 1047 1489 1078 causis
1509 1047 1596 1078 obire
1622 1049 1755 1078 mortem

242 1105 333 1145 pueri
347 1105 456 1142 solent,
472 1107 516 1141 ut,
533 1104 652 1144 quoties
667 1104 896 1144 aegritudinem
909 1103 1008 1134 ullam
1029 1103 1175 1142 evadunt,
1203 1104 1294 1136 toties
1319 1105 1404 1135 nasci
1424 1104 1591 1135 videantur
1601 1104 1620 1135 ⁸.
1643 1103 1756 1144 Itaque

243 1163 298 1203 qui
318 1162 491 1202 prudenter
510 1172 547 1192 ac
568 1161 740 1192 salubriter
759 1164 792 1192 te
813 1160 977 1201 filiumque
997 1163 1087 1191 tuum
1108 1161 1181 1192 inde
1196 1161 1360 1199 eduxeras,
1380 1161 1436 1193 ubi
1457 1171 1558 1201 paene
1579 1161 1693 1192 certior
1707 1163 1755 1192 est

243 1230 335 1257 mors,
357 1229 452 1259 quam
474 1219 539 1249 vita
564 1221 718 1258 suspecta,
742 1228 851 1249 vereor
872 1228 911 1248 110
932 1218 1023 1249 11111113
1054 1218 1248 1250 confidenter
1274 1218 1414 1250 reducas.
1445 1218 1527 1257 Quid
1548 1220 1595 1250 est
1615 1218 1699 1249 enim
1720 1220 1757 1248 ut

243 1277 319 1308 velis
345 1277 378 1307 in
399 1275 575 1316 periculum
595 1279 627 1306 te
649 1276 740 1312 ferre,
769 1278 801 1306 et
820 1275 961 1306 animam
981 1278 1080 1313 tuam,
1112 1276 1259 1316 unicique
1279 1275 1347 1306 nati
1368 1276 1475 1313 vitam,
1507 1286 1544 1307 ac
1571 1275 1756 1315 sospitatem

243 1334 414 1365 discrimini
434 1333 593 1373 objicere?
613 1332 645 1364 si
658 1334 711 1364 te⁹
732 1333 869 1364 charitas
884 1333 932 1363 tui
946 1343 1008 1364 non
1029 1335 1142 1371 movet,
1155 1336 1189 1364 at
1203 1333 1261 1364 filii
1283 1333 1395 1364 saltem
1414 1333 1434 1350 ¹⁰
1454 1333 1632 1373 prospicere
1658 1332 1756 1364 saluti

243 1392 347 1429 debes,
369 1402 462 1431 quem
483 1401 550 1422 esse
570 1391 628 1421 tibi
650 1390 851 1431 superstitem
872 1400 909 1421 ac
930 1400 1136 1422 successorem
1157 1391 1255 1422 decet.

322 1449 369 1480 Ne
391 1459 455 1489 qua
471 1449 490 1466 ¹¹
511 1450 678 1488 praeterea
698 1449 738 1479 sit
760 1447 859 1488 quieti
879 1458 958 1487 spes,
979 1450 1145 1479 cruentum
1167 1449 1312 1479 renovari
1333 1447 1419 1487 apud
1439 1457 1491 1479 vos
1510 1447 1622 1479 ludum
1642 1446 1746 1485 audio,

242 1510 274 1538 et
287 1517 326 1538 ex
340 1507 461 1547 integro
481 1505 647 1536 seditiones
670 1505 860 1542 exsuscitari,
883 1507 920 1535 ut
934 1505 1018 1536 inter
1039 1504 1157 1536 ferrum
1178 1505 1384 1545 morbumque
1398 1504 1488 1536 nulla
1508 1514 1669 1544 superesse
1687 1504 1754 1545 jam

242 1564 327 1596 salus
347 1563 451 1603 possit.
474 1562 617 1603 Utraque
637 1572 686 1593 res
707 1572 757 1593 me
778 1564 908 1602 gravat3
928 1562 982 1593 sed
1003 1561 1059 1592 illa
1080 1562 1189 1602 magis,
1209 1562 1294 1602 quod
1315 1562 1423 1594 amicis
1442 1572 1605 1602 nunquam
1617 1562 1639 1579 ¹2
1660 1571 1755 1592 aures

241 1621 422 1658 adhibuisti,
451 1620 665 1657 suadentibus,
694 1622 731 1651 ut
751 1619 825 1651 inde
845 1629 916 1651 cum
944 1618 1091 1650 universa
1110 1619 1238 1650 (10111013
1259 1619 1381 1651 abesses
1396 1619 1426 1650 ¹⁴¹.
1442 1619 1488 1650 Ex
1509 1629 1572 1659 quo
1584 1618 1754 1651 versiculus

241 1679 295 1710 ille
315 1679 347 1709 in
368 1681 506 1709 mentem
527 1677 637 1708 crebro
658 1678 760 1708 venit:

575 1734 649 1766 Heu
668 1736 742 1775 fuya
762 1734 899 1766 crudeles
922 1736 1031 1772 terras,
1051 1735 1125 1774 fuye
1146 1733 1221 1765 litus
1243 1744 1374 1765 avarum
1387 1734 1419 1765 ¹⁵.

319 1794 386 1826 Hoc
400 1794 459 1825 tibi
474 1793 594 1824 dictum
614 1795 700 1832 puta.
722 1791 811 1830 Quod
825 1792 851 1823 si
872 1794 904 1823 et
915 1792 936 1809 ¹⁶
950 1801 1034 1822 nunc
1054 1791 1176 1829 feceris,
1196 1802 1260 1823 non
1276 1791 1336 1823 erit
1349 1791 1512 1823 consilium
1526 1800 1638 1822 serum.
1654 1790 1743 1822 Vale.

252 1908 259 1924 ¹
282 1907 327 1934 ΒΥ.
348 1905 394 1934 Gr.
414 1905 475 1933 PM.
495 1905 550 1932 PP.
569 1904 701 1938 conferre
1031 1902 1042 1921 '³
1061 1902 1108 1930 Gr.
1128 1902 1183 1931 PP.
1202 1902 1236 1930 Si
1255 1904 1280 1930 te
1299 1902 1376 1930 enim

253 1950 264 1968 ’ὲ
283 1958 347 1978 εῑωιι
372 1949 418 1978 nel
444 1948 512 1977 Reff.
533 1958 546 1977 0
572 1948 636 1983 Gr.;
665 1947 742 1983 negli
766 1947 831 1975 altri
855 1946 943 1975 codici
969 1949 982 1973 0
1019 1947 1042 1965 ¹⁰
1062 1947 1129 1975 Reff.
1148 1947 1271 1975 salutem

275 2002 382 2022 omesso
1018 1993 1037 2010 ¹¹
1060 1992 1105 2020 Gr.
1126 1992 1180 2018 PP.
1200 1991 1261 2019 PM.
1280 1999 1316 2019 nc
1335 1991 1406 2026 quia

253 2040 263 2057 3
284 2039 347 2066 Cosi
373 2038 420 2066 1101
445 2038 512 2066 Reff.
537 2046 551 2065 e
575 2037 640 2072 Gn,
665 2036 710 2064 nel
736 2035 804 2064 Reff.
829 2034 978 2070 comme-in
1016 2036 1039 2054 ¹²
1057 2035 1392 2070 11011.ριιοιῑηαηριιαυι

277 2084 353 2119 negli
372 2082 438 2111 altri
458 2091 471 2110 e
490 2081 519 2109 in
538 2081 663 2118 margine
683 2080 730 2108 Gr.
748 2081 776 2108 et
793 2080 838 2108 lais
1016 2082 1037 2099 ¹3
1057 2079 1125 2108 Reff.
1146 2080 1191 2107 Gr.
1210 2080 1346 2108 universa
1365 2079 1446 2108 domo
1457 2089 1467 2113 ,·
1486 2079 1564 2116 negli
1583 2079 1648 2108 altri
1668 2078 1756 2108 codici

252 2128 265 2147 ⁴
290 2127 345 2156 Ubi
363 2118 411 2163 pe'r
427 2127 532 2162 quibus
1052 2132 1158 2152 omesso
1177 2124 1260 2152 domo

253 2173 265 2191 ⁵
285 2173 340 2201 PP.
360 2173 460 2200 omette
481 2171 608 2204 filiolwm
1020 2169 1042 2188 ¹4
1060 2169 1170 2197 abesses
1187 2167 1282 2197 invece
1301 2168 1351 2196 che
1370 2168 1475 2197 abisses

252 2217 263 2237 6
281 2217 349 2245 Reff.
367 2216 472 2250 infesto
1017 2215 1039 2233 ¹5
1060 2213 1137 2249 Virg.
1156 2213 1225 2241 Aen.
1244 2213 1303 2248 111,
1320 2214 1355 2241 44

253 2261 264 2280 ⁷
282 2261 350 2289 Reff.
369 2260 471 2288 Facile
488 2259 564 2288 enim
583 2267 617 2287 ex
635 2258 760 2288 Zaevihzcs
1016 2258 1038 2278 ’ὃ
1057 2258 1121 2286 Cosi
1134 2256 1202 2286 Reff.
1215 2265 1229 2286 0
1243 2258 1307 2294 G1·.;
1326 2265 1406 2286 senza
1419 2256 1438 2285 Γ
1448 2258 1475 2286 et
1486 2257 1563 2294 negli
1576 2257 1641 2287 altri
1654 2257 1751 2286 codici.

253 2306 264 2324 ⁸
284 2305 330 2334 Gr.
349 2305 432 2334 nasci
449 2304 622 2338 judicantur

1834 2220 1845 2524 ξ

1839 2584 1845 2639 t,
