1845 3076
742 199 882 224 nmsromz
1524 192 1563 223 97

752 367 876 399 LXXII.

242 442 464 475 FRANCISCO
485 441 750 474 ZABARELLAE
771 441 997 474 CARDINALI
1019 441 1276 474 FLORENTINO
1298 442 1326 475 S.
1349 444 1387 475 D.

588 525 783 555 Jusrmorom,
806 517 842 547 14
862 525 929 548 κον.
952 517 1038 548 1411.

130 593 194 630 (Br.
207 602 240 629 p.
258 594 297 621 49
315 601 329 621 e
347 593 406 626 81;
425 607 459 612 —
477 592 563 620 Ram.
576 600 609 627 p.
627 592 687 625 46;
707 607 739 612 —
763 591 814 620 Gr.
833 600 854 619 c.
874 592 951 625 113‚·
971 608 1003 612 -
1024 592 1096 620 PM.
1115 601 1137 620 c.
1156 592 1231 625 113;
1251 608 1284 613 —
1303 594 1367 622 ΡΡ.
1387 603 1416 623 n.
1435 596 1497 631 91).

127 680 255 712 -Misera
275 680 401 720 quidem
421 682 490 711 erat
510 690 586 719 prae
607 680 747 717 caeteriS,
775 690 908 720 quorum
928 679 994 711 vita
1021 680 1172 712 invidiosa
1192 681 1346 720 videatur,
1375 693 1458 714 mors
1479 685 1567 716 dece-

60 737 202 770 dentium
217 738 226 755 ¹
255 737 477 777 praelatorum,
497 747 593 777 super
606 737 617 754 ²
645 737 678 768 id
699 737 782 777 quod
802 737 922 768 habent
948 747 1071 777 semper
1091 738 1124 768 in
1144 738 1210 769 vita
1229 739 1353 776 multos,
1381 741 1435 780 qui
1456 751 1565 773 eorum

60 796 193 827 mortem
213 804 276 825 non
295 794 387 826 modo
406 794 521 826 intenti
541 797 715 834 expectent,
741 805 850 826 verum
872 795 967 826 etiam
987 795 1066 826 votis
1087 799 1262 835 exposcant.
1292 796 1469 829 Miserrima
1491 809 1564 830 vero

58 855 205 893 omnium,
219 854 245 885 si
259 856 300 890 et,
314 863 385 884 cum
405 855 614 889 morerentur,
634 852 716 883 male
730 853 886 890 vixissent,
901 853 1038 893 primum
1053 853 1135 893 quod
1146 854 1157 870 ³
1170 854 1355 885 saevissimis
1376 856 1566 887 tortionibus

58 912 182 943 animae
203 921 310 942 eorum
329 910 363 941 in
383 912 547 941 aeternum
569 909 757 941 cruciandae
778 910 940 948 darentur,
968 910 1081 941 deinde
1103 921 1235 951 corpora
1263 912 1387 943 foetidis
1408 913 1565 944 vermibus

57 968 250 1001 corrodenda
269 970 326 999 aut
345 967 420 998 tabo
443 966 664 1004 consumanda‚
693 969 848 1007 postremo
869 967 952 1007 quod
972 978 1055 1008 opes,
1077 979 1154 1008 quas
1181 968 1227 999 illi
1250 969 1283 999 in
1304 973 1404 1000 morte
1432 970 1566 1010 relique—

57 1028 143 1063 runt,
157 1035 235 1057 novo
250 1024 391 1064 exemplo
406 1034 425 1055 a
440 1024 657 1064 quaestoribus
672 1024 858 1064 apostolicae
873 1035 1015 1055 camerae
1032 1035 1087 1064 pro
1103 1025 1208 1066 spoliis
1222 1030 1411 1066 raperentur
1422 1028 1442 1065 ⁴,
1465 1028 1563 1068 quasi,

55 1082 139 1115 bello
158 1082 275 1113 indicto
296 1084 392 1122 atque
412 1082 490 1113 inito
510 1082 691 1118 certamine,
711 1081 759 1112 illi
781 1081 963 1112 cecidissent
984 1082 1066 1119 victi,
1088 1082 1120 1113 hi
1141 1088 1339 1124 superessent
1358 1085 1499 1122 victores,
1522 1086 1567 1116 in-

55 1139 274 1180 sultarentque
301 1139 465 1177 defunctis,
495 1139 579 1179 quod
599 1149 637 1170 ea
658 1139 740 1170 bona
768 1148 826 1170 nec
846 1149 1027 1170 consumere
1048 1140 1080 1170 in
1107 1140 1172 1171 vita
1200 1152 1257 1172 nec
1279 1142 1311 1172 in
1331 1145 1431 1173 morte
1458 1153 1563 1173 secum

54 1195 138 1228 ferre
152 1197 322 1228 valuissent
332 1197 352 1228 ⁵.
373 1198 478 1237 Atque
493 1196 604 1228 horum
618 1197 629 1213 Β
649 1196 776 1236 quidem
790 1197 927 1236 primum
944 1197 1029 1237 justo
1044 1197 1103 1228 Dei
1120 1198 1238 1238 judicio
1254 1198 1323 1229 fieri
1344 1210 1458 1240 negare
1474 1211 1565 1231 nemo

53 1254 158 1295 justus
180 1256 292 1294 potest,
313 1256 349 1285 ut-
368 1264 431 1285 non
451 1254 492 1286 sit
512 1253 582 1284 finis
602 1264 722 1294 poenae
743 1257 812 1294 post
833 1257 976 1292 mortem,
999 1254 1253 1295 quandoquidem
1267 1266 1325 1287 nec
1346 1258 1496 1296 peccandi
1518 1268 1568 1289 vo-

58 1311 165 1343 luntas
183 1311 216 1342 in
236 1311 302 1342 vita
323 1311 460 1349 desierit,
481 1329 519 1334 —
539 1311 676 1343 alterum
704 1321 806 1352 aequa
833 1311 901 1352 lege
921 1315 1065 1349 naturae,
1094 1313 1242 1352 quoniam
1263 1324 1368 1344 omnes
1391 1325 1430 1345 ex
1451 1315 1563 1346 eadem

51 1368 248 1409 putrescibili
268 1379 371 1401 massa
391 1369 545 1408 compacti
564 1378 680 1406 sumus,
695 1387 734 1391 —
748 1370 879 1400 tertium
899 1379 971 1400 vero
987 1380 1134 1409 perversa
1155 1371 1314 1402 hominum
1335 1371 1486 1404 abusione
1501 1373 1566 1404 ino-

57 1425 166 1457 levisse
181 1425 192 1443 ⁷
211 1428 332 1458 certum
353 1429 407 1465 est,
436 1437 500 1467 qua
524 1427 704 1466 privaretur
724 1429 755 1457 et
775 1426 801 1456 is
821 1426 876 1467 qui
895 1426 1044 1458 defuncto
1073 1427 1106 1457 in
1126 1428 1279 1468 dignitate
1307 1430 1446 1461 succedit
1466 1430 1562 1462 rebus

53 1482 113 1514 sibi
126 1482 241 1514 debitis
254 1486 286 1514 et
300 1483 468 1515 defunctus
486 1484 570 1515 omni
585 1493 712 1523 prorsus
731 1484 863 1515 arbitrio
885 1484 1077 1524 disponendi,
1099 1485 1144 1515 ita
1161 1488 1196 1516 ut
1210 1496 1268 1517 nec
1292 1486 1565 1518 benemerentibus

53 1550 110 1581 pro
130 1540 255 1572 servitio
269 1540 400 1572 reddere
421 1541 558 1581 gratiam
571 1543 684 1580 posset.
707 1541 813 1581 quue
835 1544 926 1581 pacto
948 1552 1046 1581 quum
1062 1542 1188 1582 jactura
1202 1543 1243 1574 ad
1257 1544 1478 1575 successionem
1500 1555 1567 1585 per-

52 1597 170 1630 tineret
182 1597 204 1636 ⁸,
225 1598 342 1639 injuria
363 1598 516 1630 decessori
535 1598 634 1629 fiebat
655 1601 686 1629 et
707 1598 878 1639 ignominia
898 1599 1054 1639 dignitati.
1079 1598 1177 1637 Quem
1199 1611 1317 1632 morem
1337 1602 1465 1633 memini
1479 1602 1490 1619 ⁹
1516 1603 1567 1634 de-

51 1655 163 1687 testari
183 1657 215 1687 te
235 1655 370 1693 solitum,
391 1666 428 1687 ac
448 1655 589 1687 misereri
609 1656 765 1687 infelicem
788 1666 896 1688 eorum
916 1658 1041 1693 sortem,
1063 1657 1147 1696 quod
1162 1658 1182 1674 ¹¹¹
1205 1661 1375 1698 utcumque
1396 1659 1459 1690 sive
1481 1660 1565 1691 bene

55 1712 204 1743 vixissent
224 1713 288 1744 sive
310 1712 402 1750 male,
424 1723 486 1744 non
506 1712 614 1744 liceret
629 1714 648 1730 ¹¹
671 1716 778 1744 tamen
800 1714 853 1751 eis,
874 1714 957 1744 inter
977 1713 1065 1745 furta
1087 1714 1290 1746 familiarium
1312 1719 1343 1747 et
1364 1720 1566 1756 quaestorum

53 1769 192 1810 rapinas,
200 1769 306 1810 quiete
319 1770 398 1801 mori
409 1772 441 1801 et
454 1770 487 1800 in
498 1780 574 1810 pace
588 1780 769 1810 supremum
780 1771 925 1811 spiritum.
940 1771 1074 1802 exalare.
1088 1772 1133 1803 Ac
1146 1772 1282 1812 primum
1295 1774 1420 1813 quidem
1434 1775 1565 1805 istorum

52 1827 202 1867 quoniam
223 1827 264 1858 ab
283 1827 477 1858 invariabilis
497 1827 668 1858 voluntatis
685 1827 804 1868 judicio
825 1831 942 1866 manat,
962 1829 1160 1860 immutabile
1180 1833 1295 1861 manet.
1318 1831 1463 1862 Alterum
1476 1842 1560 1870 vero,

53 1894 151 1925 quum
171 1895 223 1916 ars
242 1884 276 1915 in
295 1884 453 1925 plerisque
472 1887 620 1916 naturam
634 1895 654 1916 a
668 1885 758 1916 solito
778 1895 871 1917 cursu
891 1886 1066 1926 detorquet,
1088 1887 1146 1917 etsi
1167 1898 1228 1918 non
1244 1898 1370 1928 prorsus
1391 1889 1565 1927 immutari,

54 1940 173 1973 differri
192 1944 298 1974 tamen
318 1944 430 1982 potest,
453 1944 509 1973 aut
528 1942 562 1972 in
583 1942 680 1973 alium
701 1942 828 1974 modum
849 1943 1022 1975 transferri.
1043 1944 1094 1975 Fit
1108 1945 1191 1976 enim
1213 1948 1282 1976 arte
1298 1948 1335 1977 ut
1355 1946 1481 1977 condita
1502 1957 1566 1977 cor-

54 2009 132 2039 pora
151 1999 207 2031 diu
226 2000 410 2039 incorrupta
438 2001 602 2030 serventur
615 2000 646 2037 ¹²,
673 2002 714 2037 et,
743 2000 904 2040 superflua
923 2000 1113 2033 humiditate
1139 2006 1333 2043 consumpta,
1354 2007 1410 2035 aut
1437 2004 1564 2037 minime

54 2059 111 2088 aut
130 2066 200 2088 sero
224 2059 417 2096 putrescant.
445 2055 505 2094 Qui
526 2056 634 2094 honor,
663 2057 720 2087 etsi
740 2057 916 2089 illustribus
943 2061 1068 2089 tantum
1099 2060 1239 2099 personis
1265 2060 1335 2091 dari
1361 2062 1566 2099 consueverit,

54 2116 233 2145 sanctorum
245 2113 406 2145 hominum
421 2113 562 2153 reliquiis
581 2114 694 2145 merito
709 2114 874 2153 debeatur,
895 2115 1012 2146 nemini
1026 2118 1133 2147 tamen
1147 2117 1334 2148 interdictus
1351 2123 1407 2150 est.
1422 2119 1564 2149 Tertium

54 2181 137 2208 vero,
156 2171 304 2211 quoniam
324 2170 476 2202 avaritiae
489 2170 510 2188 ¹³
530 2170 635 2202 labem
654 2171 745 2211 sapit,
776 2182 834 2203 nec
861 2175 952 2204 vacat
978 2173 1104 2213 injuria,
1126 2184 1236 2214 nuper,
1257 2178 1293 2205 ut
1315 2175 1468 2216 pleraque
1489 2176 1562 2215 alia,

52 2228 86 2259 in
99 2228 208 2268 pisano
222 2228 349 2260 concilio
370 2227 540 2259 salubriter
557 2227 683 2259 decreto
697 2231 825 2268 patrum
840 2230 999 2261 sublatum
1019 2233 1073 2262 est.
1097 2231 1132 2261 ln
1155 2242 1216 2271 quo
1237 2232 1368 2263 concilio
1382 2233 1564 2265 Alexander

55 2295 179 2326 quoque
194 2296 287 2326 papa,
308 2285 362 2326 qui
374 2287 451 2316 tunc
471 2287 549 2324 erat,
564 2288 600 2316 ut
615 2288 809 2326 assumptum
829 2297 942 2318 nomen
963 2288 1180 2328 magnitudine
1201 2288 1375 2329 largitionis
1395 2293 1559 2331 aequaret,

69 2372 76 2389 ¹
99 2371 146 2400 Gr.
167 2370 409 2406 descendentium-3
429 2369 469 2406 gli
489 2369 554 2398 altri
573 2378 647 2398 come
666 2370 712 2406 qui
843 2371 852 2390 ⁷
871 2371 927 2399 ΡΡ.
946 2372 1131 2402 whom-isse:
1151 2373 1191 2409 gli
1210 2373 1275 2400 altri
1296 2374 1432 2402 inoluisse

67 2415 79 2433 ’ἰ
99 2415 182 2444 Forse
202 2417 332 2450 propter.
360 2415 407 2442 Ma
431 2416 474 2442 sta
502 2414 588 2443 anche
610 2423 697 2449 super
721 2416 792 2450 (per
839 2417 850 2434 ⁸
868 2415 922 2443 ΡΡ.
935 2416 1108 2452 pertineri&
1128 2417 1173 2445 ΒΓ,
1193 2417 1235 2451 81,
1256 2417 1315 2445 PM.
1329 2420 1480 2453 pertinent

88 2461 185 2495 questo
205 2459 234 2487 di
252 2459 303 2494 piu
321 2459 370 2487 che
387 2459 498 2492 hanno)
839 2459 850 2479 ⁹
868 2460 914 2488 ΒΥ.
933 2460 966 2488 81
986 2461 1084 2489 crebro

67 2504 77 2522 ³
96 2503 151 2531 ΡΡ.
171 2512 235 2531 cum
830 2506 852 2522 ¹⁰
870 2505 924 2533 ΡΡ.
943 2505 1013 2540 quia

64 2547 76 2567 ⁴
94 2548 173 2576 Ram.
191 2547 346 2583 rapientur
828 2551 846 2567 ¹¹
869 2549 916 2576 Gr.
936 2549 999 2577 licet

65 2592 76 2611 ⁵
95 2593 150 2620 ΡΡ.
169 2592 324 2620 voluissent
829 2595 851 2611 ¹2
869 2593 924 2620 ΡΡ.
943 2595 1146 2622 conserventur

64 2636 76 2656 ⁶
94 2636 209 2665 Horum
227 2643 277 2671 per
295 2635 362 2664 haec
378 2644 493 2672 eorum3
512 2636 590 2664 Ram.
603 2645 710 2665 eorum.
731 2637 792 2666 Me·
829 2638 850 2656 ¹³
870 2638 925 2666 ΡΡ.
944 2638 1071 2666 avaritia

87 2681 163 2717 guo:
182 2680 213 2709 cli
233 2681 325 2716 questi
344 2681 386 2709 tre
404 2679 473 2714 fatti
493 2681 514 2708 il
525 2681 625 2716 primo

1378 2739 1411 2767 12
