1845 3076
558 332 1025 387 EPISTOLE

779 459 813 480 DI

225 552 533 615 PIETRO
595 551 871 613 PAOLO
935 552 1366 615 VERGERIO

683 684 719 710 IL
748 683 911 711 SENIORE

537 1072 668 1105 UGONI
696 1073 965 1105 FERRARIENSI
986 1073 1015 1105 S.
1036 1073 1074 1104 D.
1093 1074 1100 1090 ¹

569 1166 697 1194 PADL'AE,
715 1166 755 1187 xv
774 1165 841 1188 ΚΑΒ.
857 1165 920 1188 JL‘L.
940 1157 1024 1188 1390.

391 1240 454 1276 (Br.
474 1241 532 1275 35‚·
552 1258 584 1261 —-
608 1241 696 1275 G76;
716 1257 748 1260 —
769 1240 840 1268 PM.
859 1249 881 1269 c.
901 1241 958 1275 99,·
980 1257 1011 1260 —
1031 1241 1095 1269 ,ΡΡ.
1114 1250 1142 1269 η.
1163 1242 1204 1277 9.)

125 1329 304 1360 Abeuntem
327 1329 337 1345 ‘²
358 1331 390 1359 te
411 1338 590 1368 persequor,
615 1328 777 1359 absentem
798 1328 940 1369 alloquor
960 1329 971 1345 ³
993 1328 1110 1360 crebris
1133 1339 1170 1359 ac
1192 1328 1418 1368 multiplicibus
1442 1328 1551 1360 literis.

45 1384 207 1424 Quatenus
237 1385 270 1416 in
291 1388 395 1417 nostro
427 1385 629 1425 frequentato
659 1395 716 1416 nec
737 1385 908 1416 amittendo
940 1385 1093 1425 colloquio
1115 1385 1213 1422 nulla,
1245 1385 1349 1425 quoad
1370 1386 1549 1425 poterimus,

44 1442 232 1474 intermissio
252 1442 318 1473 fiat.
340 1442 389 1474 Sic
409 1443 492 1474 enim
513 1442 589 1473 mihi
610 1445 667 1473 aut
687 1445 719 1473 te
735 1452 797 1473 non
818 1442 990 1474 discessisse
1013 1445 1069 1474 aut
1084 1452 1134 1473 me
1154 1445 1259 1473 tecum
1280 1443 1369 1473 ivisse
1384 1442 1549 1474 videbitur.

44 1499 235 1540 Ademptum
256 1502 363 1531 tamen
384 1500 485 1530 nescio
506 1499 582 1539 quid
604 1499 681 1530 mihi
701 1500 810 1538 sentio,
832 1510 893 1539 quo
914 1510 976 1531 non
996 1500 1042 1530 ita
1059 1499 1235 1540 jucundum
1262 1509 1320 1531 nec
1339 1500 1385 1531 ita
1405 1510 1548 1531 securum

44 1568 96 1589 me
117 1557 263 1588 arbitror.
290 1557 449 1597 Adempta
470 1558 517 1588 est
540 1556 617 1587 mihi
638 1557 819 1588 veneranda
841 1557 1022 1596 praesentia
1039 1560 1104 1594 tua,
1133 1567 1213 1597 quae
1235 1557 1431 1588 auctoritatis
1458 1557 1554 1597 pluri-

45 1625 132 1646 mum
145 1614 156 1632 ⁴
177 1617 209 1646 et
224 1614 375 1646 efficatiae
395 1614 521 1645 vocibus
535 1614 598 1644 tuis
624 1614 731 1645 dabat.
751 1613 900 1645 Recolere
914 1616 1021 1644 tamen
1034 1614 1108 1645 licet
1122 1614 1242 1645 usitata
1255 1614 1410 1654 colloquia
1423 1615 1435 1631 ⁵
1449 1625 1549 1654 quum

46 1671 216 1712 aliquando
248 1672 281 1702 in
300 1671 501 1703 solitudinem
522 1671 613 1702 ambo
644 1671 780 1712 trajecti,
801 1671 840 1702 de
861 1671 1023 1702 hominum
1043 1671 1154 1702 studiis
1185 1674 1216 1703 et
1236 1671 1384 1709 moribus,
1401 1681 1482 1712 quae
1502 1672 1552 1703 vel

46 1728 208 1760 laudanda
228 1739 347 1769 quaeve
362 1728 570 1768 vituperanda
583 1731 694 1765 essent,
705 1728 810 1768 longos
823 1728 1007 1760 texebamus
1022 1738 1186 1759 sermones
1208 1728 1254 1759 Ex
1268 1728 1382 1768 quibus
1397 1732 1553 1769 quantum

45 1786 123 1817 1111111
143 1786 289 1817 utilitatis
305 1786 506 1826 captaverim,
527 1786 592 1825 ipse
607 1795 763 1825 cognosco.
783 1785 823 1816 Et
842 1788 879 1816 tu
894 1786 927 1816 in
949 1788 1068 1825 quanto
1088 1785 1202 1826 gaudio
1217 1785 1335 1817 factum
1356 1789 1457 1826 putas,
1477 1786 1553 1817 dum

47 1853 68 1874 a
86 1842 244 1883 plerisque
263 1843 410 1874 inanibus
430 1842 668 1883 cogitationibus
689 1845 720 1873 et
740 1842 920 1882 perniciosis
941 1843 1097 1882 operibus,
1126 1843 1167 1874 ad
1195 1853 1277 1883 quae
1303 1845 1390 1874 aetas
1410 1843 1551 1882 inclinat,

47 1900 224 1940 quibusque
254 1900 379 1931 virtutis
399 1900 551 1931 modestia
583 1909 645 1931 non
666 1902 832 1939 repugnat,
863 1902 920 1930 tua
939 1909 1008 1930 sum
1039 1900 1127 1940 gravi
1153 1900 1352 1940 persuasione
1385 1903 1553 1932 recreatus.

47 1957 186 1988 Multum
207 1957 322 1997 quippe
342 1956 481 1997 gaudeo3
502 1956 662 1997 magisque
684 1956 815 1997 gaudeo,
835 1956 919 1996 quod
940 1956 1110 1997 aliquando
1141 1967 1203 1988 non
1223 1957 1314 1988 modo
1335 1959 1392 1988 tua
1412 1957 1552 1988 oratione

49 2015 90 2046 ab
113 2015 165 2052 eis,
194 2014 249 2045 sed
270 2014 529 2045 rememoratione
549 2013 615 2045 sola
635 2013 759 2051 desisto,
781 2023 864 2054 quae
883 2016 949 2045 tam
970 2014 1003 2044 in
1023 2014 1212 2054 praesentia,
1238 2024 1333 2054 quam
1357 2014 1390 2045 in
1411 2015 1554 2046 absentia

48 2071 185 2102 multum
216 2071 293 2102 mihi
319 2069 411 2102 affert
435 2071 650 2111 jucunditatis.
681 2071 729 2101 Tu
757 2071 840 2111 quod
867 2071 1024 2111 pollicitus
1055 2080 1087 2102 es
1114 2073 1145 2102 et
1166 2071 1394 2111 quodammodo
1419 2072 1430 2088 ⁶
1458 2072 1553 2103 debes

48 2128 193 2169 deinceps
208 2137 332 2168 perage.
353 2127 467 2158 Audivi
482 2127 551 2158 heri
563 2127 642 2158 illud
655 2137 811 2158 summum
831 2128 1028 2168 eloquentiae
1042 2128 1136 2167 sidus,
1156 2128 1375 2159 Benvenutum
1389 2128 1428 2159 de
1444 2128 1552 2166 Imola,

48 2185 187 2225 eclipsim
202 2194 337 2225 passum,
358 2184 404 2215 ita
418 2186 526 2215 tamen
545 2187 582 2215 ut
595 2184 628 2215 in
642 2194 674 2215 se
686 2184 809 2215 nullum
830 2184 936 2216 lumen
952 2185 962 2202 ⁷
983 2185 1133 2222 amiserit,
1154 2185 1216 2216 imo
1231 2186 1333 2226 majus
1347 2185 1437 2225 longe
1451 2185 1556 2225 acqui-

47 2241 144 2281 sierit,
164 2242 190 2272 si
211 2242 287 2282 quid
300 2241 411 2272 virtuti
425 2244 495 2281 post
510 2243 643 2272 mortem
663 2241 772 2273 deberi
786 2242 940 2273 credimus
954 2242 974 2273 ⁸.
997 2241 1093 2274 Nobis
1108 2244 1214 2273 autem
1229 2242 1421 2273 occultatum
1434 2242 1440 2273 !
1463 2241 1527 2273 Sibi
1541 2242 1553 2259 ⁹

47 2298 226 2340 congaudeo
244 2299 275 2336 ¹⁰,
289 2298 378 2330 nobis
391 2298 539 2330 condoleo
555 2299 586 2337 ¹¹,
606 2298 720 2338 qm'bus
741 2301 866 2330 tantum
878 2299 984 2330 lumen
1006 2299 1166 2330 sublatum
1187 2301 1241 2330 est.
1262 2299 1360 2330 Fama
1379 2301 1448 2330 erat
1469 2299 1557 2339 quod

46 2412 56 2429 ¹
69 2410 101 2440 G.
114 2410 340 2447 Eleyantissinzo
352 2410 462 2438 oratori
475 2410 591 2438 domino
612 2410 706 2446 qum'
718 2417 771 2437 ar-
818 2410 829 2427 ⁶
847 2408 880 2437 G.
899 2410 926 2437 et
943 2409 1021 2444 quod
1037 2409 1245 2444 quodammodo

117 2455 189 2483 tium
207 2455 324 2490 doctori,
341 2455 433 2483 amico
451 2454 600 2483 carissimo
815 2455 826 2472 ⁷
844 2453 907 2482 Cosi
927 2454 972 2482 Gr.
993 2453 1038 2481 Gli
1057 2454 1121 2482 altri
1140 2453 1199 2482 cod.
1218 2454 1358 2482 omettono
1379 2453 1474 2482 lumen

44 2501 57 2519 ²
75 2499 107 2528 G.
125 2500 253 2528 Abeunte
819 2499 829 2517 ⁸
848 2499 880 2527 G.
899 2499 1050 2527 credamus

45 2546 55 2563 ³
73 2544 106 2573 G.
124 2543 258 2579 alloquar
817 2544 829 2561 ⁹
846 2543 900 2571 ΡΡ.
919 2544 944 2571 si
962 2552 1035 2577 cum,
1055 2542 1120 2570 altri
1139 2550 1232 2570 secum

43 2589 56 2607 ⁴
73 2588 136 2617 Cosi
154 2588 186 2617 G.
198 2604 234 2609 —
246 2588 302 2618 ΡΡ.
321 2597 403 2617 senza
413 2588 579 2625 plurimum
807 2588 830 2606 ¹⁰
849 2588 913 2616 Cosi
933 2587 965 2616 G.
985 2586 1031 2614 Gli
1049 2586 1113 2614 altri
1130 2586 1243 2622 yazcdeo

43 2634 56 2652 ⁵
74 2633 106 2663 G.
124 2633 212 2669 ripete
230 2633 353 2663 recolere
365 2634 430 2663 licet
808 2633 828 2650 ¹¹
849 2631 911 2660 Cosi
930 2631 962 2659 G.
983 2631 1028 2659 Gli
1047 2630 1111 2659 altri
1130 2631 1277 2659 nobismcm
1296 2630 1376 2660 doleo
