1845 3076
1528 185 1607 207 XLVII

88 273 188 313 negat,
219 273 310 311 atque
334 271 406 303 lmic
429 270 533 302 minus
557 271 611 310 qui
632 270 762 312 yentilis
785 273 862 302 erat.
888 270 963 302 Non
986 280 1054 302 sum
1075 270 1131 311 qui
1152 280 1266 312 neyem,
1284 273 1314 302 et
1328 272 1450 302 statuas
1466 273 1495 302 et
1517 270 1613 302 liono-

86 343 136 365 res
173 332 294 365 sanctis
317 331 440 364 deberi.
457 358 462 363 .
479 357 486 364 .
511 330 619 364 Poetis
641 342 777 364 vero...
801 342 863 364 non
885 332 973 364 video
997 342 1053 364 cur
1076 332 1225 364 constitui
1247 332 1466 372 nonpossint:
1482 333 1513 363 si
1529 332 1611 364 enim

88 403 208 426 munus
234 393 294 425 tale
325 394 360 425 in
386 403 489 425 eorum
518 394 698 426 *memoriam
727 393 800 432 fieri
826 393 911 429 solet,
941 395 1016 433 quia
1048 393 1186 425 illustres
1213 395 1243 425 et
1264 394 1299 426 in
1325 394 1391 425 vita
1409 396 1610 434 praestantes

94 455 228 495 fuerint,
253 455 330 495 quid
352 457 434 487 vetat
455 465 493 487 ne
515 454 638 487 vatibus
661 465 787 495 quoque,
812 456 842 486 si
864 455 919 495 qui
935 457 1063 495 praeter
1078 457 1212 486 caeteros
1229 455 1369 495 insiynes
1390 457 1472 492 sunt,
1497 455 1609 487 talium

94 527 197 548 rerum
221 518 420 549 monumenta
442 515 638 548 debeantur?
654 542 659 547 .
676 541 703 548 ..
730 516 825 548 Illud
846 526 916 548 vero
938 517 1114 556 praeterire
1140 526 1202 548 non
1224 526 1365 556 possum,
1392 516 1474 556 quod
1503 516 1609 558 Viryi—

85 578 166 616 lius,
194 578 268 619 quia
289 578 420 620 gentilis
446 578 552 617 fuerit,
580 577 728 619 indignus
751 579 795 609 sit
819 580 934 610 statua.
960 577 1072 609 Simili
1099 578 1154 610 lzoc
1181 578 1259 609 mihi
1283 578 1404 609 videtur
1426 588 1532 610 eorum
1554 589 1608 610 ra-

97 640 185 677 tioni,
211 639 266 680 qui
287 650 355 671 cum
379 640 414 671 in
437 639 559 680 templis
583 639 777 672 Judaeorum
806 638 1037 679 Gentiliumque
1061 640 1214 680 imaqines
1237 639 1349 675 vident,
1375 639 1512 671 Cristum
1538 650 1606 672 ver-

85 701 267 734 berantium
298 704 355 733 aut
376 701 635 742 crucifiyentz'um,
659 701 763 733 oculos
788 701 864 738 illis,
894 703 928 732 ut
954 701 1096 741 quisquis
1124 701 1240 732 iratior
1261 701 1392 738 videtur,
1424 704 1544 738 eruunt,
1580 705 1610 732 et

95 763 284 796 truculentas
310 763 450 795 lictorum
474 763 580 803 fasces
603 773 641 795 θα*
664 763 764 794 multa
785 763 937 804 reliyione
955 763 1132 803 pietateque
1155 762 1340 802 deformant,
1374 764 1467 803 quasi
1494 764 1528 795 in
1556 764 1607 795 cle-

96 825 196 858 lendis
226 825 429 866 imaqinifflcs,
458 828 492 856 at
518 835 579 857 non
606 825 641 856 in
670 825 813 856 tollendis
839 825 984 864 peccatis,
1014 824 1291 865 componendisque
1318 825 1495 862 virtutibus,
1524 827 1607 857 ratio

82 888 176 919 vitae
198 887 348 919 consistat
372 887 431 929 (ep.
457 886 522 927 85).

175 949 241 981 Con
266 949 377 990 quello
401 949 459 980 che
484 949 536 990 pin
562 952 810 980 comunemente
833 950 857 980 si
883 948 979 980 crede
1005 948 1034 979 di
1062 950 1148 979 tutto
1173 949 1194 979 l'
1209 949 1400 985 umanismo7
1425 951 1442 979 e
1457 958 1608 990 sorpren-

89 1011 185 1042 dente
209 1011 322 1043 invei'o
347 1020 390 1042 un
415 1014 476 1042 cosi
502 1011 595 1052 pieno
619 1010 756 1042 aecordo
780 1010 809 1042 di
835 1011 974 1051 pensieri
999 1020 1016 1041 e
1042 1010 1070 1041 di
1097 1011 1294 1042 sentimenti.
1319 1011 1454 1042 ritenuti
1484 1012 1605 1052 opposti

87 1073 139 1104 fra
162 1072 233 1104 loro
256 1072 343 1104 dalle
366 1072 429 1104 due
453 1073 619 1104 contrarie
642 1072 754 1104 scuole
779 1072 838 1104 che
863 1072 894 1103 lo
919 1072 1123 1114 respingono.
1147 1091 1189 1094 —
1213 1072 1275 1103 Ne]
1299 1073 1460 1113 Vergerio
1484 1072 1610 1104 l'uma-

83 1134 169 1166 nista
192 1145 210 1165 e
235 1134 258 1164 il
283 1133 436 1166 credente
462 1134 523 1165 mai
556 1135 580 1165 si
615 1134 875 1165 contraddicono.
901 1144 952 1164 ma
977 1135 1104 1165 vivono.
1130 1134 1222 1174 quasi
1256 1143 1274 1164 a
1302 1133 1381 1164 dire.
1412 1134 1432 1164 1·
1452 1144 1515 1165 nno
1550 1144 1607 1174 pei·

82 1195 104 1226 1’
121 1196 217 1228 altro.
243 1196 293 1233 Se,
320 1206 409 1227 come
433 1197 458 1227 si
484 1198 501 1227 ὸ
526 1196 646 1227 veduto
669 1206 686 1226 o
710 1197 735 1227 si
760 1198 822 1237 put)
847 1196 966 1227 vedere
986 1195 1025 1226 da
1041 1195 1133 1226 molti
1158 1196 1235 1227 altri
1259 1196 1352 1237 passi,
1379 1195 1606 1228 liberalissimo

84 1258 116 1288 n'
130 1267 187 1289 era
211 1257 234 1288 il
259 1257 451 1299 linguaggio
475 1257 578 1289 anche
598 1268 694 1289 verso
714 1258 743 1288 le
760 1258 921 1299 maggiori
945 1258 1088 1288 autorith
1107 1257 1193 1288 della
1209 1257 1335 1293 Chios-a,
1361 1267 1423 1287 non
1444 1257 1530 1289 altro
1547 1258 1607 1289 che

84 1319 116 1350 la
140 1319 268 1351 sincera
292 1319 473 1351 fervidezza
497 1319 573 1350 doll'
588 1320 695 1351 animo
719 1330 777 1351 sno
802 1320 956 1361 religioso
979 1319 1081 1361 glielo
1104 1319 1245 1350 dottam.
1272 1320 1296 1350 E
1321 1319 1351 1349 10
1377 1330 1476 1361 prove
1499 1319 1530 1350 di
1554 1321 1604 1351 010

85 1381 281 1418 abbondano,
306 1391 395 1413 come
418 1392 447 1423 p.
474 1391 500 1412 e.
526 1381 614 1412 nelle
638 1381 758 1413 lettere
782 1383 811 1417 7,
840 1382 888 1418 10‚
918 1382 967 1417 15τ
991 1382 1044 1418 80,
1068 1382 1120 1418 85,
1145 1383 1197 1417 Sti,
1227 1381 1296 1417 112,
1328 1382 1398 1417 113,
1426 1382 1603 1413 138101-

86 1443 166 1475 timo
181 1453 240 1484 per
257 1442 384 1474 l'uomo
401 1442 478 1485 (cosi
496 1443 528 1474 al
546 1443 686 1475 Soranzo
703 1443 840 1484 nell'ep.
872 1442 922 1483 15)
947 1445 964 1473 e
981 1453 1066 1474 mens
1076 1453 1172 1483 pura,
1199 1442 1267 1474 Deo
1291 1443 1408 1479 clei-ota,
1433 1443 1545 1474 virtute
1567 1453 1604 1475 ac

93 1506 177 1536 recta
195 1504 384 1536 conscientia
399 1504 576 1544 praedita...
603 1503 722 1535 Puram
741 1506 840 1536 autem
858 1506 985 1536 mentem
1003 1505 1142 1545 intelligo
1158 1515 1219 1536 non
1237 1515 1314 1541 eam,
1331 1515 1409 1544 qnae
1429 1514 1466 1536 ex
1482 1504 1603 1543 defecta

87 1565 275 1606 coynitionis
300 1566 431 1606 facilius
455 1568 501 1597 est
524 1566 608 1605 falli,
631 1566 744 1605 fallere
767 1566 915 1601 nesciens,
932 1566 988 1597 secl
1002 1577 1080 1603 eam,
1098 1577 1176 1606 qnae
1199 1577 1237 1598 ea:
1253 1567 1450 1598 abundantia
1473 1566 1602 1597 virtutis

84 1627 227 1659 omnibus
262 1627 334 1659 bene
358 1628 480 1659 consuli
502 1628 595 1667 cupit,
621 1628 655 1659 in
678 1638 740 1667 qua
762 1628 846 1659 nihil
866 1630 912 1659 est
934 1627 1057 1667 duplex.
1075 1628 1158 1659 nihil
1172 1628 1366 1665 simulatum,
1383 1628 1466 1659 nihil
1484 1619 1602 1659 tectum.

88 1690 113 1720 E
137 1689 169 1720 al
192 1689 344 1722 Coluccio
370 1689 430 1732 (ep.
460 1689 530 1732 10):
559 1689 655 1721 Scito.
680 1699 727 1721 me
750 1689 830 1721 lzunc
852 1690 886 1720 in
910 1690 1022 1721 virtute
1043 1690 1176 1730 yraclum
1201 1690 1273 1730 jam.
1297 1692 1450 1729 captasse,
1479 1691 1511 1720 nt
1542 1689 1601 1720 mi-

90 1750 173 1782 nime
190 1751 270 1782 milei
285 1761 378 1783 curae
393 1751 437 1783 sit
451 1751 555 1791 qualis
570 1751 688 1784 videar.
718 1751 758 1784 Ut
780 1752 876 1783 bonus
899 1752 959 1783 sim
977 1752 1083 1783 studeo
1099 1778 1104 1783 .
1121 1777 1148 1783 ..
1174 1751 1220 1783 Et
1242 1752 1278 1782 id
1300 1762 1362 1783 non
1386 1751 1425 1783 ab
1454 1751 1603 1783 insolenti

91 1813 198 1844 animo
214 1813 383 1853 provenire
400 1813 519 1853 judico.
545 1813 698 1853 Praecipe
723 1814 827 1853 itaque
850 1814 954 1853 qualis
987 1823 1052 1845 esse
1075 1814 1222 1852 debeam;
1254 1814 1358 1853 qualis
1386 1813 1494 1845 videar
1521 1813 1601 1844 alio-

92 1884 161 1906 rum
186 1884 263 1906 cura
285 1875 347 1906 sit.
364 1900 370 1906 .
386 1900 413 1906 ..
441 1874 615 1907 Secundum
641 1877 741 1907 autem
766 1876 996 1911 monimentum,
1021 1886 1079 1916 quo
1104 1886 1150 1907 me
1176 1876 1223 1907 vis
1253 1877 1407 1916 intem-um
1439 1875 1604 1915 reliyionis

85 1936 278 1968 christianae
301 1937 534 1973 observatorem,
553 1937 683 1977 plenum
699 1938 852 1972 existimo,
871 1940 1040 1977 propterea
1065 1937 1146 1977 qnod
1168 1937 1242 1969 haec
1266 1939 1379 1969 sancta
1396 1937 1516 1977 reliyio,
1533 1947 1602 1968 cum

92 1999 222 2030 veritate
244 1998 413 2035 doctrinae,
437 2000 672 2031 eractissimam
694 1999 865 2031 honestatis
889 2010 1032 2031 normam
1050 2001 1157 2035 teneat,
1174 2009 1270 2039 neque
1285 1999 1349 2030 ullo
1367 1999 1489 2039 potiori
1508 2008 1605 2039 arqu-

92 2062 191 2092 mento
207 2070 299 2100 quam.
317 2070 354 2092 cx
369 2060 525 2092 honestate
540 2061 705 2102 reliyz‘onis
720 2061 800 2100 fides
814 2063 923 2093 nostra
932 2062 1068 2101 probari
1077 2062 1192 2101 possit.

176 2123 302 2164 Troppo
318 2132 337 2153 a
351 2122 454 2165 lungo
470 2123 512 2154 ω’
523 2123 705 2165 indugerei,
728 2133 762 2156 se
785 2134 844 2165 per
860 2124 1012 2155 ciascuna
1027 2123 1112 2155 delle
1128 2123 1300 2165 principali
1324 2123 1390 2154 doti
1414 2122 1490 2153 dell'
1500 2122 1609 2154 indole

88 2193 148 2215 sua
171 2184 216 2215 mi
239 2184 354 2216 faeessi
370 2194 389 2215 a
405 2184 575 2216 desumere
591 2185 683 2227 saggi
700 2185 785 2217 delle
809 2195 866 2217 sue
890 2185 1019 2217 lettere.
1044 2184 1256 2222 Nondimen0,
1280 2184 1438 2226 riguardo
1454 2184 1486 2215 al
1505 2183 1607 2221 culto,

87 2248 278 2278 veramente
301 2246 534 2287 appassionatQ
559 2246 649 2278 ch’ei
672 2248 781 2288 presto
804 2247 1027 2284 all’amicizia,
1051 2256 1145 2289 spero
1167 2257 1230 2278 non
1255 2247 1287 2277 vi
1311 2247 1359 2278 sia
1382 2245 1507 2278 discaro
1523 2246 1610 2277 ch'io

90 2317 130 2339 ve
153 2318 195 2340 ne
217 2318 324 2350 ponga
346 2308 465 2340 alcuno
487 2308 562 2340 sott'
575 2308 697 2340 ocehio.

176 2370 213 2401 L'
227 2370 374 2402 amicizia
396 2371 414 2402 ὲ
437 2380 496 2412 per
520 2370 566 2402 lui
583 2380 645 2402 non
659 2370 748 2402 modo
771 2370 998 2403 adminiculum
1022 2371 1114 2408 vitae,
1131 2370 1187 2402 sed
1200 2370 1268 2401 vita
1283 2370 1355 2410 ipsa
1372 2369 1432 2413 (ep.
1453 2368 1544 2411 108);
1568 2370 1608 2400 ne

91 2430 188 2463 crede
203 2431 306 2463 deesse
324 2431 406 2463 inter
421 2431 539 2463 amicos
558 2431 749 2472 epistolandi
771 2432 905 2464 materia
917 2442 1019 2472 posse,
1046 2442 1115 2464 cum
1139 2432 1227 2464 adest
1250 2431 1382 2463 amandi
1405 2430 1466 2473 (ep.
1490 2429 1556 2473 61).
1580 2431 1606 2462 Ε

90 2492 180 2525 nella
201 2492 294 2525 dolce
317 2492 470 2525 affezione
493 2503 552 2526 ora
574 2494 600 2526 si
623 2493 740 2525 nmilia
761 2494 818 2526 all'
832 2495 936 2526 amieo
959 2493 1024 2526 fino
1047 2504 1067 2526 a
1090 2493 1208 2536 dirgli:
1234 2493 1278 2525 In
1300 2503 1348 2524 me
1369 2493 1453 2525 nihil
1467 2495 1513 2524 est
1527 2491 1610 2532 qnod

93 2554 199 2586 amari
221 2554 315 2596 dique
331 2555 446 2595 possit,
472 2556 539 2587 nisi
559 2555 641 2596 forte
663 2555 719 2587 hoc
741 2556 847 2596 ipsum
869 2556 952 2596 quod
972 2556 1079 2588 amari
1102 2566 1123 2587 a
1149 2555 1256 2597 diynis
1279 2555 1370 2596 cupio
1394 2554 1455 2597 (ep.
1480 2554 1547 2596 81),
1567 2573 1610 2576 —

94 2626 154 2648 ora
175 2616 216 2648 de
237 2617 330 2659 sfogo
345 2617 376 2649 ai
391 2618 445 2659 pin
463 2618 530 2649 vivi
545 2618 733 2650 sentimenti
756 2617 788 2650 di
810 2619 1049 2655 riconoscenza,
1066 2627 1158 2650 come
1172 2618 1206 2650 fa
1225 2618 1279 2660 pi1'1
1307 2616 1538 2659 specialmente
1560 2614 1613 2648 001
