1845 3076
771 176 909 201 prsrom
1541 169 1596 201 197

83 263 170 296 Cheli
191 263 388 304 perscripsit:
412 271 523 294 munus
544 261 670 302 quidem
696 271 759 293 non
786 261 880 302 quale
910 261 995 301 apud
1018 261 1088 293 vos¹
1110 260 1282 293 desiderari
1311 261 1399 299 solet,
1421 261 1475 292 sed
1502 261 1597 301 quale

84 322 118 352 et
137 322 169 352 te
190 320 301 352 deceat
322 321 354 351 et
374 319 474 350 illum.
496 318 532 349 In
553 329 617 359 qua
637 328 671 349 re
693 318 844 355 existimo,
868 317 994 358 utrique
1014 321 1154 350 vestrum
1173 320 1299 358 gratum
1327 328 1376 350 me
1401 318 1515 356 facere,
1535 319 1595 350 tibi

88 377 143 418 qui
164 377 220 409 hoc
241 386 354 418 genere
373 375 548 413 delectaris,
568 375 615 406 illi
635 375 689 416 qui
710 375 756 406 ita
785 375 887 407 facere
914 385 964 407 me
987 375 1088 416 jussit.
1117 375 1196 406 Mihi
1223 385 1296 407 vero
1323 375 1355 407 id
1383 376 1598 416 gratissimum

83 436 139 472 est,
159 434 185 465 si
204 433 330 474 quando
352 433 454 465 facere
475 443 524 464 me
545 432 675 473 aliquid,
696 432 779 472 quod
800 432 886 464 vobis
907 434 1032 473 gratum
1052 432 1102 470 sit,
1122 432 1220 464 video.
1241 432 1329 464 Vale.

776 646 912 678 CXXXI.

207 720 364 753 SANCTO
386 720 619 753 PEREGRINO
640 721 965 753 JURISCONSULTO
985 721 1036 752 ΕΤ
1057 720 1196 760 EQUITI
1216 720 1373 752 INSIGNI
1394 720 1422 753 S.
1446 722 1481 752 D.

592 804 696 827 PADUAE
718 805 759 827 111.
782 804 849 827 ΚΑΒ.
872 804 986 828 Aramis
1009 797 1094 827 1395.

493 871 562 906 (ΒΓ.
575 881 607 906 p.
626 873 665 901 4:
685 887 717 890 —
739 871 809 900 PM.
829 881 851 900 c.
871 873 929 905 57;
950 888 981 890 —
1004 871 1065 899 PP.
1084 880 1112 899 n.
1132 872 1191 906 35.)

165 942 220 973 Vir
240 942 378 982 insignis,
398 942 483 982 quod
504 941 656 982 imprimis
677 941 819 974 desidero
842 945 890 973 est
912 945 947 974 ut
967 945 999 973 te
1021 945 1052 973 et
1073 943 1189 975 honore
1211 946 1242 974 et
1263 943 1358 983 copiis
1378 942 1543 974 florentem
1557 943 1598 973 vi-

84 1000 186 1036 deam,
209 998 320 1030 deinde
342 1001 377 1030 ut
399 999 510 1030 absens
531 999 656 1030 crebras
678 999 814 1030 habeam
837 1010 856 1030 a
876 1002 906 1030 tc
928 999 1048 1038 literas,
1070 1000 1103 1030 in
1125 1000 1238 1039 quibus
1259 1002 1290 1031 et
1311 1000 1483 1037 absentem,
1498 1002 1533 1030 ut
1551 1000 1597 1037 fit,

83 1057 241 1097 aspiciam,
264 1059 295 1087 et
316 1059 473 1088 tacentem
494 1056 629 1088 audiam.
652 1056 836 1096 Numquam
857 1057 940 1088 enim
961 1057 1040 1088 adeo
1061 1060 1116 1088 aut
1130 1057 1298 1094 laboribus,
1312 1060 1369 1088 aut
1382 1057 1494 1089 studiis
1504 1058 1524 1094 2,
1541 1060 1598 1088 aut

87 1114 275 1154 aegritudine
297 1113 364 1145 ulla
385 1114 481 1145 animi
502 1123 667 1154 oppressus
687 1124 764 1151 sum,
787 1115 862 1154 quin
882 1115 1025 1155 protinus
1046 1115 1086 1146 ad
1107 1114 1215 1146 literas
1234 1118 1306 1146 tuas
1326 1115 1487 1154 respirem,
1502 1133 1540 1137 -—
1555 1114 1601 1145 ita

86 1171 163 1202 mihi
185 1173 217 1202 et
237 1171 338 1202 suavis
359 1171 459 1202 oratio
480 1173 544 1208 tua,
559 1174 591 1202 et
613 1171 758 1202 amicitiae
771 1171 912 1212 jucunda
927 1176 973 1203 est
987 1172 1170 1203 recordatio.
1187 1171 1396 1210 Quamobrem
1412 1181 1599 1212 magnopere

86 1230 118 1260 te
138 1239 202 1266 oro,
224 1231 258 1260 ut
278 1229 323 1259 ita
344 1231 497 1269 perpetuo
518 1228 613 1260 facias
640 1233 677 1260 ut
704 1229 796 1260 facis:
830 1229 966 1269 primum
995 1239 1044 1260 me
1072 1239 1167 1266 ames,
1194 1229 1307 1260 deinde
1335 1229 1443 1260 sedulo
1470 1229 1599 1266 scribas,

86 1285 256 1326 literasquo
277 1289 310 1317 et
331 1286 440 1317 erebro
461 1286 514 1317 des
536 1289 568 1317 et
589 1286 696 1318 crebro
716 1287 837 1318 reddas.
856 1286 944 1325 Quod
957 1287 988 1317 in
1006 1297 1054 1318 me
1070 1289 1127 1324 est,
1143 1297 1296 1318 summam
1311 1297 1367 1327 ego
1383 1286 1600 1327 diligentiam3

85 1343 225 1375 servabo.
248 1344 369 1374 Literas
391 1354 446 1383 ego
468 1344 535 1374 heri
556 1354 613 1383 per
634 1344 797 1375 dominum
818 1344 859 1375 M.
883 1355 901 1375 a
915 1348 948 1376 te
963 1344 1071 1382 habui,
1085 1355 1155 1375 cum
1170 1344 1328 1384 sospitatis
1341 1347 1404 1376 tuae
1420 1355 1457 1375 ac
1470 1344 1599 1385 reliquae

85 1400 222 1438 familiae,
243 1404 310 1432 tum
333 1404 366 1432 et
386 1401 641 1432 convalescentiae
663 1402 768 1433 uxoris
790 1401 905 1433 indices
919 1402 936 1432 ⁴.
961 1402 996 1432 In
1022 1405 1190 1441 utramque
1210 1412 1276 1433 rem
1303 1405 1430 1442 gratum
1454 1402 1601 1432 nuntium

83 1458 159 1490 tulit
170 1459 180 1475 ⁵
193 1469 199 1496 ;
222 1458 275 1489 sed
292 1459 324 1489 in
339 1459 542 1498 posteriorem
553 1459 564 1475 ⁶
585 1459 730 1497 maxime,
746 1459 829 1499 quod
845 1459 1019 1497 audieram,
1033 1459 1195 1500 conjugem
1210 1470 1249 1490 ex
1264 1460 1322 1490 hoc
1336 1459 1453 1495 morbo,
1468 1462 1500 1490 et
1513 1459 1600 1499 gravi

83 1517 116 1547 et
136 1515 295 1553 diuturno,
317 1519 447 1547 mortem
469 1516 588 1547 obiisse.
614 1517 649 1546 Id
671 1527 708 1547 ex
732 1517 868 1556 quodam
890 1518 1004 1557 accepi,
1026 1517 1081 1557 qui
1101 1517 1141 1547 ab
1163 1517 1353 1556 Justinopoli
1372 1517 1482 1548 literas
1496 1516 1537 1547 ad
1552 1526 1601 1548 me

83 1572 165 1604 tulit.
189 1572 257 1604 Sive
273 1573 355 1613 quod
370 1573 413 1604 ibi
428 1573 473 1604 ita
489 1573 655 1612 diceretur,
671 1574 734 1604 sive
749 1573 833 1614 quod
848 1574 913 1605 sine
928 1574 1090 1605 mendacio
1105 1574 1158 1614 qui
1173 1574 1251 1604 nihil
1265 1584 1407 1614 unquam
1430 1577 1476 1605 est
1489 1574 1599 1605 solitus

85 1630 151 1662 veri
162 1630 265 1662 dicere
280 1631 386 1662 venire
397 1631 458 1662 huc
469 1631 575 1662 nollet.
588 1631 597 1648 ⁷
614 1630 703 1662 Nosti
718 1631 875 1662 hominem
888 1642 894 1668 ς
912 1642 1022 1663 nomen
1036 1634 1198 1672 praetereo.
1214 1632 1306 1663 Hunc
1320 1632 1427 1672 itaque
1443 1642 1600 1663 rumorem

84 1687 205 1728 gaudeo
226 1687 340 1719 salsum
362 1688 464 1725 fuisse,
486 1699 556 1719 cum
577 1698 635 1719 sua
655 1698 759 1725 causa,
780 1699 850 1728 quse
871 1689 967 1729 digna
989 1689 1028 1719 sit
1050 1692 1081 1720 te
1102 1690 1225 1728 marito,
1247 1692 1316 1720 tum
1336 1689 1507 1730 plurimum
1533 1692 1598 1727 tua,

87 1745 176 1786 cujus
197 1744 315 1782 domus⁷
335 1745 442 1776 liberis
463 1745 567 1785 plena,
588 1747 654 1777 sine
676 1746 914 1777 matrefamilias
936 1756 1001 1777 esse
1017 1757 1078 1777 non
1091 1747 1194 1787 possit.
1212 1747 1381 1779 Pecuniam
1396 1757 1415 1778 a
1429 1749 1460 1778 te
1475 1747 1599 1777 missam

89 1802 214 1833 domino
236 1802 420 1834 FranciscoS
441 1806 546 1834 nostro
565 1803 647 1834 illico
667 1803 885 1835 adnumeravi.
907 1804 1034 1835 Gratias
1056 1804 1128 1845 egit,
1148 1804 1266 1836 salutes
1287 1805 1400 1843 reddit,
1426 1815 1599 1845 operasque

84 1869 167 1896 suas,
189 1870 252 1891 una
271 1870 342 1890 cum
363 1860 487 1891 domino
508 1861 555 1891 Jo.
578 1860 734 1892 Ludovico
754 1861 786 1891 in
808 1871 900 1901 opere
917 1864 1020 1893 nostro
1036 1861 1138 1893 libens
1152 1862 1326 1901 pollicetur.
1342 1862 1378 1892 ln
1393 1872 1462 1902 quo,
1477 1862 1502 1892 si
1522 1862 1599 1902 quid

86 1916 349 1948 intercedentium
370 1918 541 1949 amicorum
570 1918 714 1959 dignitas,
741 1919 767 1949 si
795 1919 869 1958 quid
900 1919 1131 1950 obsecrantium
1159 1920 1329 1951 auctoritas
1357 1919 1460 1950 valere
1489 1922 1599 1960 potest,

87 1974 178 2005 modo
198 1975 239 2005 sit
260 1974 367 2014 aliqua
388 1976 420 2005 in
441 1975 564 2006 homine
586 1975 764 2015 prudentia,
785 1983 852 2016 quie
875 1976 1011 2016 plurima
1032 1979 1088 2013 est,
1108 1976 1200 2008 facile
1217 1977 1322 2008 omnia
1335 1977 1599 2017 impetrabuntur.

87 2032 171 2063 Illud
193 2032 269 2062 mihi
291 2032 487 2073 negligentiffe
509 2043 570 2063 non
593 2033 761 2071 adscribes,
784 2034 866 2073 quod
893 2035 1069 2074 superiores
1094 2035 1151 2065 has
1177 2035 1284 2065 literas
1311 2038 1376 2066 tam
1405 2035 1459 2066 diu
1487 2037 1603 2074 praeter

87 2099 136 2120 me
158 2099 319 2121 senescere
341 2100 449 2130 passus
469 2100 545 2121 sum.
569 2090 658 2127 Nam,
681 2094 715 2121 ut
736 2091 826 2121 facile
849 2094 894 2121 est
917 2092 1000 2122 mibi.
1024 2092 1081 2122 etsi
1107 2092 1176 2122 aliis
1204 2092 1315 2123 studiis
1343 2095 1502 2132 occupato,
1529 2092 1601 2123 scri-

86 2146 170 2184 bere,
192 2147 237 2178 ita
258 2147 381 2178 difficile
403 2151 447 2178 est
465 2148 656 2187 conscriptas
670 2148 778 2179 literas
792 2149 927 2185 mittere,
943 2150 1116 2188 prasertim
1132 2160 1202 2180 cum
1217 2150 1283 2180 sine
1298 2150 1346 2180 bis
1361 2149 1601 2186 commentariis,

88 2214 166 2244 quos
187 2204 395 2242 desiderabas,
417 2206 499 2236 mitti
522 2216 583 2236 uon
605 2205 779 2236 debuerint.
802 2206 869 2243 Eos,
891 2217 960 2237 cum
983 2207 1081 2237 literis
1096 2207 1180 2243 meis,
1201 2207 1226 2237 is
1248 2207 1303 2247 qui
1320 2207 1397 2237 1111111
1414 2210 1483 2237 tuas
1498 2206 1602 2237 reddit

88 2261 129 2293 ad
150 2264 182 2293 te
202 2262 335 2293 defe1·t³'.
358 2262 608 2302 Qualescumque
629 2273 680 2293 eos
702 2263 795 2301 vides,
817 2264 863 2294 tui
881 2264 948 2303 jam
969 2267 1050 2301 sunt,
1073 2265 1207 2295 nummis
1233 2264 1295 2295 tuis
1320 2265 1426 2304 empti,
1448 2264 1531 2303 quod
1553 2274 1604 2295 ne-

88 2319 166 2350 scire
182 2322 213 2350 te
227 2319 371 2350 arbitror.
390 2320 541 2359 Magister
560 2320 698 2352 «Ioannes
717 2323 822 2352 noster
837 2324 883 2352 est
898 2321 1044 2359 Veneti&
1061 2332 1098 2352 ex
1116 2323 1197 2353 bona
1215 2332 1318 2352 causa.
1334 2324 1369 2352 ut
1384 2322 1500 2352 scribit.
1516 2321 1603 2352 Nihil

89 2379 243 2416 praeterea
264 2378 304 2408 ab
326 2388 361 2408 eo
384 2378 499 2414 babui;
522 2377 672 2417 plurimas
694 2378 734 2409 ad
757 2388 826 2409 eum
848 2379 956 2410 literas
984 2379 1065 2416 dedi,
1096 2381 1130 2409 ut
1158 2381 1238 2410 esset
1265 2379 1387 2410 interea
1415 2378 1461 2408 illi
1483 2378 1604 2418 aliquid

104 2470 111 2487 ¹
132 2469 187 2498 PP.
206 2477 259 2497 vos
877 2473 888 2489 5
910 2473 961 2499 l'l‘.
982 2472 1052 2499 {ulis

104 2515 115 2532 ²
133 2514 187 2542 Nei
206 2514 292 2542 codici
310 2514 479 2544 studiorum.
504 2523 607 2543 fuucsso
630 2515 650 2543 il
677 2515 829 2550 corrispon-
877 2518 888 2532 ‘'-
908 2517 962 2544 ΓΡ,
983 2517 1173 2551 imposterum.
1196 2517 1254 2544 PM.
1277 2516 1502 2551 imposlcriurcz›1.

125 2557 205 2586 dente
225 2558 357 2587 ablativo.
878 2562 887 2578 ⁷
910 2561 968 2589 PM.
990 2562 1079 2589 nolle<

100 2603 111 2621 ³
129 2602 176 2630 ΒΥ.
196 2603 257 2631 ΡΜ.
277 2612 291 2631 e
311 2603 366 2631 PP.
385 2612 497 2631 summa
519 2627 524 2633 .
544 2626 549 2632 .
570 2627 575 2632 .
597 2604 747 2639 diliycntia
878 2606 888 2620 ⁸
908 2604 960 2632 Nol
979 2605 1064 2632 codici
1086 2605 1138 2643 I).

100 2646 111 2664 ⁴
131 2646 248 2675 Indices
268 2647 312 2675 nel
331 2655 413 2675 senso
432 2648 459 2675 (11
478 2649 594 2676 nunties·
873 2651 883 2666 ²³
904 2649 958 2677 Pr.
980 2649 1094 2682 deferre
