1845 3076
254 159 299 190 28
892 171 917 194 P.
938 172 963 194 P.
983 171 1130 195 VERGEmO

249 262 354 283 coram
375 262 521 284 conservo
545 253 641 293 loqui,
662 254 738 294 quid
754 254 900 286 deeeret¹
923 256 1066 287 cimatori
1080 259 1091 275 ²
1110 259 1174 288 tuo.
1189 255 1280 295 Quod
1301 267 1321 288 a
1344 267 1376 288 se
1398 258 1494 297 exigis
1509 257 1638 295 dedisse,
1659 257 1755 298 idque

248 311 413 349 praesente
433 309 528 341 Purio
551 310 561 327 ³
591 311 760 349 sacerdote,
782 312 904 353 alioque
924 313 1036 344 clerico
1060 314 1070 330 ⁴
1101 314 1237 354 gibboso,
1267 315 1354 355 cujus
1388 325 1501 347 nomen
1528 314 1748 354 praeterierat,

249 366 378 404 factum,
407 377 443 398 ac
456 367 475 406 ⁵,
506 367 587 398 nisi⁶
611 368 657 400 ita
686 371 854 408 constaret,
888 373 1068 410 promptum
1098 381 1130 402 se
1160 371 1240 402 illud
1269 371 1354 411 justo
1384 372 1494 412 pretio,
1523 372 1581 403 etsi
1600 372 1717 413 injuste
1730 372 1750 408 ⁷,

248 433 380 462 pensare
392 424 510 464 (dixit).
523 424 642 457 Tamen
652 425 685 456 id
698 426 777 464 vide,
791 427 867 467 quid
882 437 930 458 me
946 428 1049 459 facere
1060 428 1092 458 in
1108 428 1167 460 hae
1183 439 1216 460 re
1230 429 1314 466 velis,
1331 439 1432 469 neque
1448 430 1549 460 minus
1564 429 1596 460 in
1612 429 1751 460 caeteris.

327 479 478 521 Magister
496 481 634 514 Joannes
653 483 693 514 de
714 483 872 522 Ravenna,
894 485 948 525 qui
969 488 1009 522 te,
1029 486 1155 517 tametsi
1176 486 1272 517 oculis
1291 486 1421 526 visuque
1440 486 1641 527 incognitum,
1663 486 1750 517 clara

249 540 355 568 tamen
376 540 408 569 et
428 538 582 571 laudabili
602 540 686 572 fama
705 541 770 572 late
790 542 959 582 cognitum,
980 543 1012 573 in
1033 543 1141 583 primis
1162 546 1258 581 amat,
1278 543 1304 574 is
1318 543 1419 583 pridie
1440 553 1490 574 me
1510 543 1682 582 admonuit,
1703 543 1751 574 uti

248 597 280 626 te
301 605 488 636 magnopere
518 596 617 629 literis
637 608 770 636 orarem,
800 602 965 639 quatenus,
996 601 1021 631 si
1042 600 1111 631 fieri
1131 601 1227 640 possit
1250 601 1271 638 ⁵³,
1302 611 1435 641 puerum
1455 600 1538 638 inde,
1559 602 1687 631 auctore
1707 602 1750 637 te,

249 652 373 684 habeat.
395 654 423 683 A
444 664 506 694 quo
526 664 558 686 se
579 655 735 695 reliquum
756 656 835 687 nihil
857 659 1040 688 exacturum
1062 657 1146 695 dicit,
1168 658 1226 688 nisi
1246 661 1281 688 ut
1302 658 1342 689 ab
1363 658 1453 689 domo
1467 658 1499 688 in
1521 658 1640 688 curiam
1661 656 1751 698 profi-

246 710 413 741 ciscentem
427 711 672 752 redeuntemque
687 713 862 751 comitetur,
883 733 921 736 —
935 717 1060 746 caetera
1073 714 1163 746 facile
1181 716 1392 754 remissurum,
1404 734 1442 737 —
1457 725 1502 752 ac,
1513 715 1538 745 si
1552 715 1724 755 cujuspiam
1740 714 1751 730 ⁹

249 767 310 798 erit
328 768 444 808 ingenii
465 771 522 799 aut
542 769 636 800 ullius
650 770 832 809 industriae,
852 781 940 811 posse
960 781 1031 802 eum
1045 781 1139 812 penes
1161 781 1192 802 se
1214 772 1372 803 commode
1393 774 1424 803 et
1444 772 1543 803 literis
1564 775 1596 803 et
1609 772 1752 803 doctrina

248 824 399 865 proficere
414 827 442 856 ¹⁰.
464 828 560 858 Aetas
581 828 620 858 ad
642 827 730 858 ΧΠ.ΠΙ
750 828 799 860 vel
821 828 928 860 ΧΙΠ.ΙΠ
950 830 968 846 ¹¹
992 839 1109 860 annum
1130 830 1179 866 sit,
1200 829 1273 861 boni
1288 840 1397 868 mores,
1418 831 1565 870 parentes
1587 829 1752 870 cogniti.—

248 883 334 914 Haec
355 886 386 914 te
409 887 533 923 praesto
554 885 709 925 facileque
729 886 859 926 implere
879 896 976 926 posse,
1009 886 1156 918 Nicolaus
1176 886 1214 918 de
1229 887 1377 925 Bononia,
1397 897 1490 927 quein
1511 887 1550 917 ad
1572 887 1629 918 hoc
1652 887 1753 927 ipsum

249 941 447 980 requisierat,
477 952 548 973 eum
569 942 682 974 docuit.
720 944 775 982 Tu,
801 944 826 974 si
846 947 942 983 potes,
963 944 1040 975 clari
1060 944 1117 975 viri
1139 947 1170 976 et
1189 947 1222 975 te
1237 945 1258 961 ¹²²
1288 944 1423 975 amantis
1443 944 1631 975 desiderium
1653 944 1751 984 exple.

243 997 284 1028 Et
303 998 381 1029 vale.

944 1227 1056 1258 XXIV.

579 1318 733 1349 JOANNI
755 1319 810 1350 DE
832 1319 1023 1357 BONONIA,
1046 1319 1205 1352 PHISICO
1227 1320 1398 1352 MUGLAE
1416 1323 1436 1338 ¹³

961 1397 1045 1427 1395.

436 1469 501 1503 (ΒΓ.
515 1479 546 1505 p.
566 1470 605 1497 53
626 1472 663 1503 l.,‘
695 1487 727 1490 —
748 1470 833 1499 Ram.
847 1480 878 1506 21.
898 1472 954 1505 50,·
975 1488 1007 1491 —
1039 1472 1110 1500 PM.
1130 1481 1150 1500 c.
1172 1473 1228 1500 117
1238 1474 1275 1506 t.;
1309 1489 1339 1492 —
1371 1472 1433 1500 ΡΡ.
1453 1482 1481 1501 η.
1501 1474 1559 1506 46.)

320 1539 511 1571 Difficillima
532 1540 727 1579 deliberatio,
759 1541 931 1581 eademque
949 1542 968 1558 ¹⁴
1003 1542 1138 1573 maxime
1156 1543 1330 1582 periculosa
1351 1543 1475 1574 videtur
1502 1543 1591 1580 mihi,
1613 1553 1694 1583 quae
1717 1543 1748 1573 in

243 1596 345 1636 prima
376 1600 482 1628 aetate
513 1597 647 1629 debetur
679 1599 811 1629 hominis
834 1599 864 1636 ¹5,
894 1609 991 1639 quum
1017 1609 1110 1639 super
1137 1600 1158 1616 1⁶
1184 1600 1341 1639 geminum
1363 1600 1424 1631 iter
1445 1600 1606 1631 constituti
1623 1600 1652 1639 ¹⁷,
1675 1600 1750 1632 alte-

243 1664 313 1684 rum
333 1654 466 1691 virtutis,
487 1655 623 1685 alterum
644 1656 824 1696 voluptatis,
845 1666 923 1696 quas
944 1659 1037 1693 artes,
1064 1667 1183 1696 quaeve
1203 1657 1308 1688 studia
1337 1658 1425 1697 sequi
1451 1658 1596 1688 malimus
1621 1657 1654 1688 in
1675 1658 1751 1695 vita,

242 1712 349 1751 inopes
371 1711 489 1742 consilii
510 1712 598 1743 nobis
618 1713 850 1754 praefingimus
883 1713 1062 1745 Periculosa
1082 1714 1236 1754 siquidem
1258 1715 1335 1746 haee
1364 1715 1551 1746 deliberatio
1574 1717 1628 1753 est,
1649 1715 1748 1746 amice

243 1768 368 1808 optime,
384 1779 480 1808 quum
501 1780 539 1800 ex
554 1780 590 1801 ea
604 1770 749 1801 universa
769 1770 893 1802 vivendi
914 1771 1129 1811 moriendique
1151 1771 1286 1803 conditio
1307 1772 1486 1812 dependeat
1498 1772 1528 1803 ¹⁸.
1549 1791 1588 1794 —
1608 1772 1749 1803 Eundem

242 1826 325 1856 enim
345 1826 428 1857 vitae
448 1826 583 1865 modum,
605 1837 698 1867 quem
717 1828 819 1859 teneri
840 1828 929 1859 nobis
950 1829 1143 1865 assumimus,
1160 1838 1259 1869 usque
1281 1829 1322 1860 ad
1338 1832 1513 1860 extremum
1534 1829 1678 1870 spiritum
1693 1839 1753 1860 ser—

244 1893 372 1920 vamus3
388 1893 532 1924 quaeque
546 1884 683 1924 sapimus
698 1885 719 1901 ¹⁹
736 1886 866 1925 juvenes
888 1885 998 1917 eadem
1013 1887 1149 1926 sapimus
1170 1890 1201 1918 et·
1215 1897 1302 1918 senes
1313 1887 1343 1917 ²⁰.
1367 1886 1427 1918 Sed
1442 1887 1582 1927 profecto
1601 1886 1752 1926 superdif-

242 1939 416 1971 fieillimum
431 1944 477 1972 est
498 1941 625 1979 homini,
647 1942 860 1982 voluptatibus
880 1943 997 1980 innato,
1019 1944 1124 1983 eisque
1140 1944 1302 1983 innutrito,
1322 1944 1363 1975 ad
1377 1944 1595 1984 voluptuosam
1616 1944 1748 1975 deterio—

242 2008 372 2038 remque
392 1999 488 2029 vitam
510 2009 571 2030 non
592 1999 741 2037 defluere,
763 2002 794 2031 et
809 2011 938 2037 errores,
959 2011 1035 2041 quos
1051 2012 1121 2032 cum
1141 2002 1222 2033 lacte
1237 2004 1347 2032 nactus
1361 2002 1381 2019 2¹
1404 2002 1494 2033 avide
1508 2002 1601 2040 suxit,
1616 2011 1753 2033 crescen-

242 2057 306 2086 tem
328 2065 389 2087 non
410 2058 527 2095 optare.
561 2056 649 2088 Tunc
669 2057 752 2088 enim
782 2058 918 2097 primum
940 2058 1048 2098 incipit
1079 2059 1160 2090 ratio
1180 2059 1314 2091 imbellis
1329 2060 1353 2076 Ἡ
1373 2059 1483 2099 subigi,
1516 2061 1547 2090 et
1569 2058 1748 2099 perniciosis

252 2157 259 2175 ¹
282 2157 328 2184 Gr.
347 2158 418 2192 quid
435 2158 562 2191 deceret,⁸
581 2158 621 2194 gli
641 2158 706 2186 altri
725 2159 775 2194 qm*
788 2159 891 2188 (liceret
1017 2162 1038 2179 1‘2
1058 2162 1111 2189 Nei
1125 2161 1220 2195 codici,
1234 2169 1311 2189 meno
1326 2161 1382 2196 Gr„
1397 2163 1422 2189 te
1433 2163 1465 2188 fe.
1480 2177 1511 2181 —
1526 2161 1572 2188 Gr.
1586 2169 1668 2189 senza
1680 2161 1732 2189 l'et.

252 2207 262 2222 ⁴-'
288 2204 424 2237 Cinmtor,
443 2205 541 2230 tonsor
547 2212 685 2238 pecorum
705 2203 749 2238 (V.
769 2204 812 2232 Du
831 2205 942 2240 Gange).
1015 2208 1036 2224 ¹3
1055 2207 1140 2234 Senza
1158 2206 1288 2234 iudirizzo
1300 2207 1344 2234 nel
1355 2206 1431 2234 Ram.
1452 2206 1503 2233 Dal
1515 2206 1638 2234 contesto
1651 2206 1675 2234 si
1685 2206 1755 2234 vede

252 2251 263 2267 3
282 2249 342 2277 PM.
356 2256 467 2284 puero;
488 2248 542 2276 ΡΡ.
561 2247 675 2282 Pinum
695 2248 739 2275 Gr.
761 2249 859 2277 omette
1049 2251 1097 2278 che
1116 2252 1214 2286 questa
1231 2251 1329 2278 lettera
1347 2251 1377 2278 fu
1395 2251 1492 2279 scritta
1510 2259 1527 2278 a
1545 2250 1727 2285 Capodistria.

251 2295 260 2311 ·¹
281 2294 326 2321 Gr.
345 2292 476 2320 clericulo
1015 2296 1035 2313 ¹⁴
1055 2295 1115 2323 PM.
1135 2304 1148 2322 e
1169 2296 1223 2323 ΡΡ.
1242 2295 1425 2330 &umdemque

252 2339 261 2357 2'·
281 2338 327 2366 Gr.
345 2339 375 2366 at
1014 2341 1035 2358 ¹⁵
1053 2340 1105 2368 Nei
1124 2339 1212 2368 codici
1231 2340 1342 2368 homini

251 2386 262 2401 ὃ
282 2382 349 2416 nisi,
377 2381 449 2409 forse
469 2389 517 2416 per
544 2381 656 2409 etiamsi
678 2391 745 2417 non,
770 2383 845 2411 ossia
866 2384 978 2418 purch&
1016 2386 1037 2403 ¹⁶
1056 2385 1134 2413 Ram.
1154 2393 1264 2420 semper
1282 2393 1330 2419 per
1348 2392 1434 2419 super

275 2435 357 2460 ozon;
378 2427 449 2454 forse
469 2427 555 2454 anche
574 2434 622 2461 per
640 2435 717 2455 come
735 2435 764 2456 se
782 2436 842 2456 ozon
1013 2431 1035 2447 ¹⁷
1055 2429 1109 2458 ΡΡ.
1129 2429 1282 2458 constitum

250 2474 261 2490 ⁷
280 2472 327 2499 Gr.
347 2472 447 2498 omette
465 2471 516 2498 etsi
531 2471 637 2506 injuste
1014 2475 1036 2492 1⁸
1055 2474 1100 2501 ΒΓ.
1119 2482 1132 2501 e
1146 2474 1207 2501 PM.
1226 2474 1383 2508 dependent

251 2518 262 2535 s
281 2516 320 2544 Gr
331 2516 480 2551 quatenus,
492 2515 517 2543 si
530 2515 597 2549 fieri
602 2518 706 2551 potest;
719 2516 760 2553 gli
772 2517 837 2546 altri
850 2526 932 2547 senza
944 2519 977 2548 si.
1014 2520 1036 2537 1⁹
1055 2518 1101 2546 ΒΓ.
1122 2527 1135 2546 e
1154 2519 1214 2547 PM.
1233 2518 1374 2553 cupimus,
1394 2518 1448 2546 ΡΡ.
1468 2519 1612 2553 caepimus

250 2563 261 2579 ⁰
280 2561 335 2589 ΡΡ.
354 2559 494 2593 cuispiam
1014 2565 1037 2581 ‘²⁰
1057 2564 1135 2591 Ram.
1154 2564 1180 2591 et
1196 2563 1325 2598 sapimus
1338 2571 1418 2591 senes

239 2607 261 2624 ¹⁰
280 2605 326 2634 Gr.
339 2604 480 2639 perficere
1012 2609 1033 2625 Ἦ
1054 2608 1101 2635 Br.
1120 2607 1181 2635 PM.
1201 2615 1214 2634 e
1233 2607 1287 2635 ΡΡ.
1306 2609 1392 2635 παίεις

240 2652 260 2668 11
281 2650 328 2678 Gr.
349 2648 443 2676 XIII
450 2657 460 2681 ;
480 2648 520 2684 gli
540 2649 606 2677 altri
626 2650 708 2679 XVI
1010 2653 1034 2670 Ἡ
1053 2651 1105 2680 Nei
1125 2651 1212 2680 codici
1230 2651 1262 2680 in
1282 2651 1372 2687 bellis,
1392 2651 1469 2681 Ram.
1483 2652 1590 2681 imbelli

1838 1471 1845 1524 ...ιι
1840 1398 1845 1448 -ἱ-
