1845 3076
753 178 889 203 EPISTOLE
1535 171 1573 202 71

785 329 864 360 LIII.

289 419 760 452 OLDROVANDINO
801 420 868 451 DE
909 420 1210 452 FERRARIA
1250 421 1279 453 S.
1320 422 1356 453 D.

543 503 672 532 PADUAE,
694 503 728 526 111
750 503 846 526 NONAS
869 503 1006 532 murus,
1028 496 1112 526 1396.

460 569 527 604 (Βν.
541 577 573 604 p.
590 569 652 603 32‚·
674 586 704 589 —-
726 569 798 597 PM.
819 578 840 598 c.
860 570 918 604 96;
939 586 970 589 -—
991 570 1053 598 PP.
1074 579 1102 598 n.
1122 570 1179 606 51.)

146 657 235 688 Ibam
255 657 288 688 in
310 657 439 693 curiam,
461 659 497 687 ut
517 656 676 687 domestici
698 657 870 697 cujusdam,
901 658 989 698 cujus
1011 656 1155 688 fortunae
1176 658 1449 697 periclitabantur,
1482 660 1579 691 rebus

67 714 240 755 opibusque
260 714 463 751 consulerem,
485 724 555 745 cum
576 714 657 745 forte
678 714 813 751 Drudus,
834 715 882 745 vir
903 718 935 745 et
955 714 1054 745 literis
1069 715 1077 731 ¹
1100 714 1227 746 edoctus
1242 715 1394 755 imprimis
1414 720 1445 747 et
1466 716 1499 747 in
1513 727 1579 748 cac-

67 772 143 804 teris
164 771 286 812 egregie
306 771 431 811 probus,
458 771 621 811 epistolam
642 773 740 808 tuam,
757 771 836 811 jocis
856 771 992 811 plenam,
1021 772 1097 802 mihi
1118 772 1264 803 reddidit.
1294 773 1374 804 Huic
1394 784 1432 804 ex
1453 774 1578 813 publico

67 828 175 866 officio,
197 830 325 868 praeter
340 830 475 865 caetera,
496 828 541 858 vis
561 830 761 868 potestasque
783 830 829 859 cst
843 828 1060 868 undecumque
1081 829 1203 860 delatas
1224 829 1350 861 tabulas
1365 833 1397 861 et
1418 832 1577 871 resignare

69 888 101 918 et
121 885 235 926 legere,
256 888 324 916 tum
346 887 378 917 et
398 885 556 916 venientes
577 885 608 915 in
631 885 742 916 urbem
763 885 942 925 peregrinos
963 885 1125 923 adnotare,
1146 889 1179 917 et
1192 886 1382 918 abeuntibus
1402 890 1578 919 comeatum

67 943 153 974 dare.
179 943 206 974 [s
226 942 333 983 igitur,
354 945 390 973 ut
410 943 464 982 qui
484 942 554 973 illas
575 943 689 982 septies
709 942 842 983 legisset,
863 953 902 974 ac
921 953 961 974 ne
981 943 1178 975 dissimulare
1199 944 1326 984 quidem
1347 945 1451 982 vellet,
1473 945 1528 976 sed
1547 948 1579 976 et

68 1000 193 1040 aperire
213 1009 246 1031 se
266 1009 327 1030 non
348 999 480 1031 auderet
508 1001 588 1040 (tam
609 1010 682 1031 rara
699 1000 709 1016 ‘²
730 1003 826 1040 atque
848 1000 982 1031 insolens
996 1001 1007 1017 ³
1034 1003 1081 1031 est
1102 1001 1178 1032 mihi
1200 1011 1270 1032 cum
1291 1001 1345 1032 illo
1368 1002 1578 1042 familiaritas)

67 1056 146 1088 festo
166 1067 203 1088 ae
223 1056 406 1088 subridente
427 1066 479 1088 ore
500 1056 608 1088 literas
628 1057 754 1094 obtulit,
776 1057 867 1098 quasi
886 1057 1022 1088 alterum
1052 1060 1194 1089 nostrum
1215 1062 1271 1089 aut
1292 1061 1377 1090 certe
1398 1061 1578 1100 utrumque,

68 1114 126 1145 etsi
140 1113 219 1144 nihil
233 1113 360 1151 diceret,
381 1113 533 1145 damnare
548 1114 696 1145 minimae
718 1113 875 1145 laevitatis
896 1114 1000 1146 vellet.
1022 1114 1114 1152 Nam,
1128 1117 1165 1146 ut
1180 1115 1256 1146 mihi
1278 1115 1377 1147 visum
1392 1118 1447 1153 est,
1468 1116 1579 1155 longus

68 1181 139 1202 eum
160 1170 349 1210 comitesque
370 1180 440 1202 suos
461 1171 499 1201 de
520 1173 627 1202 nostra
648 1171 757 1202 fabula
779 1173 811 1202 et
830 1181 933 1202 sermo
953 1174 984 1202 et
1006 1172 1085 1202 risus
1105 1173 1305 1203 excitaverat.
1327 1172 1387 1204 Sed
1408 1173 1489 1204 sorte
1510 1184 1572 1205 non

67 1227 201 1259 decebat
229 1230 261 1259 te
282 1228 359 1258 haec
379 1228 425 1258 ita
444 1227 547 1259 dicere
570 1229 633 1268 (me
655 1228 737 1259 enini
753 1228 763 1245 ⁴
784 1228 874 1259 decet
893 1228 971 1268 quid
989 1229 1033 1259 vis
1053 1239 1072 1259 a
1087 1231 1119 1260 te
1138 1229 1273 1269 audire),
1294 1231 1484 1270 praesentim
1506 1240 1577 1261 cum

67 1285 100 1316 in
121 1284 241 1316 alienas
262 1295 373 1316 manus
393 1287 528 1316 ventura
557 1285 736 1316 existimare
758 1285 925 1323 debuisses,
953 1287 1008 1326 qui
1028 1286 1147 1317 incerto
1169 1287 1282 1317 nuncio
1309 1287 1417 1318 literas
1438 1288 1580 1319 dederas.

68 1341 158 1379 Nam,
191 1344 228 1373 ut
249 1344 370 1373 certum
391 1342 479 1373 nobis
498 1352 536 1373 ac
556 1352 700 1373 securum
721 1342 870 1374 indicium
892 1343 931 1374 de
952 1343 1041 1374 nobis
1061 1346 1118 1380 est,
1150 1344 1204 1383 qui
1224 1344 1258 1374 in
1279 1354 1314 1375 eo
1335 1345 1440 1376 animo
1462 1354 1578 1383 summ,

68 1401 104 1430 ut
123 1399 203 1430 nihil
223 1397 382 1430 offendere
403 1399 540 1430 alterum
562 1400 657 1439 possit
678 1399 762 1439 quod
781 1399 918 1431 alterum
939 1400 1082 1439 delectet,
1104 1403 1210 1432 tamen
1232 1411 1294 1431 uon
1314 1402 1360 1433 ita
1380 1403 1499 1434 caeteri
1512 1412 1579 1433 sen-

67 1457 160 1488 tiunt.
191 1455 341 1488 Judicant
362 1456 446 1487 enim
466 1459 502 1487 ut
523 1457 666 1492 audiunt,
694 1457 818 1497 saepius
839 1457 886 1488 uti
907 1458 1045 1497 cupiunt.
1075 1457 1178 1496 Quum
1200 1458 1284 1489 enim
1311 1459 1472 1498 praeferre
1493 1469 1525 1490 se
1546 1469 1579 1490 se

67 1513 226 1550 studeant,
246 1513 429 1553 persuaderi
448 1514 507 1545 sibi
528 1514 694 1554 patiuntur
707 1514 727 1550 ⁵,
748 1524 824 1544 vera
844 1524 908 1545 esse
930 1524 1012 1554 quae
1033 1515 1074 1545 ab
1095 1515 1202 1546 amicis
1220 1515 1290 1555 joco
1306 1518 1362 1547 aut
1383 1516 1422 1547 ab
1444 1517 1578 1548 inimicis

70 1570 260 1603 calumniose
273 1570 472 1612 objiciantur.
493 1569 691 1611 Quamquam
705 1570 716 1587 ⁶
737 1581 801 1611 ego,
817 1571 880 1602 sive
893 1571 1034 1612 ingenita
1056 1572 1193 1612 quadam
1213 1573 1390 1610 severitate,
1406 1574 1479 1611 sive,
1494 1574 1578 1614 quod

68 1628 186 1666 malim,
220 1630 306 1659 recto
327 1627 463 1665 consilio,
492 1628 540 1659 ita
559 1638 608 1659 me
627 1628 808 1660 institutum
829 1629 1055 1666 animadverto,
1087 1632 1123 1660 ut
1143 1630 1232 1669 parvi
1259 1630 1428 1662 admodum
1455 1631 1578 1670 faciam,

67 1686 146 1726 quid
165 1685 205 1717 de
225 1685 320 1717 rebus
341 1685 417 1716 meis
440 1685 643 1723 existimetur,
665 1695 768 1725 neque
789 1696 929 1726 unquam
952 1686 1017 1727 ejus
1038 1686 1185 1717 desiderii
1198 1687 1208 1703 ⁷
1228 1687 1285 1725 fui,
1307 1690 1343 1718 ut
1357 1687 1457 1727 pluris
1478 1688 1578 1719 videri

67 1742 161 1774 velim
187 1752 284 1783 quam
304 1752 338 1773 re
360 1752 466 1780 essem,
494 1744 551 1773 aut
570 1742 650 1773 alius
671 1752 737 1774 esse
759 1742 839 1774 alius
860 1743 968 1780 videri,
995 1753 1180 1784 semperque
1200 1744 1270 1775 illos
1297 1745 1580 1785 impudentissimos

33 1793 36 1795 v
65 1799 213 1841 judicavi,
234 1802 272 1831 ut
286 1802 333 1831 est
346 1810 461 1840 magna
482 1809 554 1839 pars
568 1799 738 1837 hominum,
760 1800 814 1840 qui
827 1800 960 1832 mallent
980 1801 1079 1832 videri
1093 1811 1126 1833 se
1146 1801 1243 1833 bonos
1257 1804 1290 1833 et
1309 1813 1372 1834 non
1394 1813 1468 1841 esse,
1483 1813 1580 1843 quam

68 1867 132 1888 esse
153 1859 184 1888 et
205 1867 267 1888 non
288 1856 395 1888 videri.
429 1856 637 1895 Quamobrem
659 1857 813 1897 quidquid
834 1858 950 1889 caeteri
972 1858 1011 1889 de
1031 1868 1081 1889 me
1097 1859 1250 1899 judicent,
1284 1869 1339 1900 ego
1358 1862 1466 1891 tamen
1494 1860 1579 1891 idem

70 1925 150 1952 sum,
169 1914 319 1954 idemque
333 1913 402 1945 volo
423 1913 522 1945 videri
535 1914 590 1954 qui
610 1924 687 1945 sum.
709 1913 756 1945 Tu
771 1924 844 1946 vero
864 1925 935 1946 cum
948 1915 1028 1946 talia
1047 1916 1178 1955 posthac
1197 1916 1367 1956 scripseris,
1390 1927 1451 1948 non
1465 1917 1579 1957 cuique

66 1971 189 2012 passim,
210 1974 248 2002 ut
267 1971 447 2008 occurrerit,
467 1971 650 2008 committes,
671 1971 734 2009 sed,
750 1974 786 2002 ut
800 1981 856 2012 ego
872 1972 960 2010 facio,
974 1971 1120 2004 fidelibus
1141 1973 1287 2005 manibus
1307 1974 1434 2011 inseres,
1455 1977 1521 2011 aut,
1542 1977 1579 2005 ut

63 2029 167 2060 facere
187 2028 320 2065 decrevi,
341 2028 425 2068 quod
445 2027 572 2068 quidem
591 2028 763 2060 consultius
783 2029 888 2068 fuerit,
910 2029 1090 2061 abstinebis
1111 2029 1172 2062 Sed
1193 2031 1273 2062 haec
1293 2031 1332 2062 de
1352 2031 1429 2071 jocis
1444 2034 1476 2062 et
1497 2032 1578 2063 serio

65 2087 97 2116 et
117 2085 193 2117 satis
212 2086 298 2117 dicta
319 2088 402 2116 sunt.

144 2141 236 2173 Nunc
257 2143 298 2174 ad
318 2142 442 2182 reliqua
463 2141 560 2173 venio.
593 2141 633 2173 Et
653 2152 847 2183 quamquam
876 2144 1092 2175 abundantem
1123 2145 1290 2176 materiam
1310 2145 1441 2176 ludendi
1462 2148 1576 2183 tecum,

63 2199 90 2230 si
109 2199 231 2240 vellem,
252 2202 364 2231 nactus
383 2199 461 2230 mihi
481 2199 598 2237 videar,
621 2200 676 2240 qui
690 2200 701 2216 ⁸
721 2201 848 2232 studeas
868 2211 930 2232 non
950 2211 1036 2233 more
1057 2202 1167 2242 optimi
1187 2202 1325 2233 instituti
1340 2203 1420 2243 reg-is
1442 2203 1580 2244 Lyeuryi

68 2257 148 2289 vites
181 2257 336 2294 excidere,
362 2257 416 2288 sed
449 2266 534 2288 more
555 2257 660 2288 Liberi
679 2257 782 2288 Patris
795 2258 807 2274 ⁹
828 2257 910 2289 serre
937 2268 974 2290 ac
1003 2269 1188 2300 propagare,
1210 2262 1318 2291 tamen
1343 2260 1404 2291 ista
1419 2260 1487 2300 jam
1514 2270 1578 2292 non

72 2368 82 2386 ¹
101 2368 182 2396 Altro
201 2368 294 2396 codice
312 2367 397 2395 citato
416 2366 450 2394 da
470 2366 530 2394 PM.
550 2366 660 2395 litteras
875 2368 951 2403 bene,
970 2385 1002 2388 —
1023 2369 1121 2404 quindi
1143 2377 1200 2397 non
1225 2369 1362 2405 principio
1382 2369 1410 2397 di
1428 2370 1544 2406 protasi,
1564 2380 1580 2399 e

74 2412 86 2430 ³
103 2411 158 2440 Nei
175 2411 263 2440 codici
280 2413 347 2439 rata
871 2413 1075 2441 naturalmente
1094 2422 1176 2442 senza
1194 2413 1215 2441 il
1236 2416 1330 2442 tamen
1349 2414 1412 2442 dell·
1423 2414 1546 2450 apodasi.

72 2456 82 2475 3
101 2456 244 2491 Insolens,
262 2455 384 2484 insolita.
849 2456 859 2475 ⁷
879 2456 938 2485 PM.
961 2457 1111 2485 desideriis

71 2499 83 2519 4
100 2500 202 2533 Enim,
221 2499 250 2527 in
268 2507 349 2528 senso
362 2499 390 2526 di
402 2507 451 2534 per
463 2500 545 2534 cerm,
564 2500 762 2535 contrapposto
775 2500 802 2528 al
850 2501 861 2519 8
879 2501 941 2535 qui,
960 2501 1066 2529 riferlto
1085 2510 1102 2529 a
1121 2502 1213 2530 tecum

98 2544 182 2579 forte,
201 2544 274 2572 forse
845 2543 858 2563 ‘³
875 2544 964 2574 Liber
983 2545 1082 2579 Pater,
1099 2545 1198 2581 Bacco,
1211 2553 1286 2574 come
1305 2545 1334 2574 in
1348 2546 1455 2582 Orazio,
1469 2547 1574 2584 Plinio,

72 2588 83 2608 ⁵
95 2588 262 2624 patiuntur,
280 2594 338 2615 non
356 2587 516 2623 ripugnano
535 2587 563 2615 di
878 2589 1012 2623 Varrone,
1032 2589 1139 2624 Curzio,
1159 2597 1232 2626 θεας
1249 2589 1310 2619 PM.
1331 2590 1415 2620 liberi
1426 2591 1527 2627 patris

72 2633 84 2652 5
106 2632 298 2669 Quamquam,
316 2632 364 2667 qui
382 2632 428 2660 nel
447 2640 528 2660 senso
547 2631 575 2659 di
594 2632 657 2661 dico
683 2632 726 2661 οἱὸ
744 2632 807 2661 seb-
