1845 3076
778 190 916 214 EPISTOLE
1543 182 1601 213 185

88 286 122 308 se
151 276 299 313 muniret,
330 275 420 307 illum
451 275 492 306 ad
523 284 555 306 se
586 277 730 306 vocatum
760 274 923 314 promovit,
959 274 1060 314 primo
1095 275 1128 305 in
1165 274 1346 314 episcopum
1383 274 1596 312 florentinum,

87 333 201 365 deinde
221 334 253 364 in
273 332 476 369 cardinalem,
499 341 588 372 aeque
608 331 810 363 florentinum
832 331 1034 371 appellatum.
1055 331 1113 371 Qui
1129 332 1268 372 profecto
1281 333 1337 369 vir,
1351 331 1490 372 alioquin
1506 332 1604 363 virtu·

86 393 152 422 tem
173 390 304 430 parum¹
328 389 517 428 existimans,
538 388 565 420 si
585 388 629 419 nil
649 388 737 419 aliud
758 388 831 420 boni
851 389 944 428 gessit
960 389 992 419 in
1005 398 1126 420 summo
1140 389 1337 428 pontificatu,
1350 399 1370 420 a
1390 399 1452 428 quo
1476 388 1598 429 pridem

87 448 227 488 dejectus
249 449 305 484 est,
326 446 438 477 saltem
460 448 542 477 estat
563 445 621 476 hoc
642 455 739 476 unum
760 445 854 476 laude
875 445 1014 486 dignum,
1041 445 1124 485 quod
1153 445 1302 485 quosdam
1332 446 1411 477 viros
1433 445 1600 477 excellenti

86 504 231 536 doctrina
252 504 292 535 ad
313 503 530 534 cardinalatus
550 503 670 542 apicem
692 503 852 542 promovit.
876 503 922 534 De
943 513 1076 542 quorum
1092 513 1223 534 numero
1238 503 1298 533 fuit
1312 502 1362 533 hio
1374 513 1454 534 unus
1470 503 1517 533 uti
1530 502 1597 534 loco

88 565 263 603 postremus
285 562 373 601 (nam
394 560 427 591 id
448 559 575 600 quidem
596 559 797 591 0011511160ᾰίΞ
818 560 898 591 ratio
919 559 1080 599 poscebat)
1102 560 1157 597 ita,
1185 559 1269 599 quod
1291 560 1497 591 caeterorum³
1524 569 1601 600 pace

86 618 229 655 dixerim,
250 618 369 658 primus
390 617 529 649 omnium
549 617 680 649 meritis.
703 615 813 656 Neque
835 617 927 655 enim,
949 617 1032 656 quod
1050 616 1191 647 accidere
1209 616 1316 647 multis
1339 616 1426 653 solet,
1445 620 1605 657 assumpto

87 676 200 716 majori
221 678 316 714 statu,
338 675 440 705 minor
459 674 616 714 apparuit,
638 677 694 705 aut
717 676 807 705 tanto
828 674 938 705 honori
962 674 1047 705 visus
1073 676 1121 705 est
1148 673 1260 713 impar,
1281 674 1358 713 quin
1386 674 1490 713 potius
1518 675 1603 705 omni

87 742 120 764 se
140 732 348 772 amplitudine
363 731 502 772 dignum,
519 731 602 762 omni
616 731 804 762 sublimitati
820 731 966 762 idoneum
980 730 1077 761 videri
1092 730 1190 767 dedit,
1203 741 1240 762 ac
1256 731 1426 761 maximum
1448 741 1605 771 quemque

89 790 202 827 locum,
215 790 271 830 qui
285 789 403 820 homini
420 788 510 820 docto
531 791 563 820 et
582 789 615 819 in
629 788 723 820 rebus
738 791 867 828 experto
881 788 1059 826 deberetur,
1073 787 1204 828 implere
1219 798 1251 819 se
1266 797 1354 827 posse
1367 787 1602 819 demonstravit.

88 846 180 884 Nam,
202 850 370 887 postquam
393 847 425 877 in
446 846 530 878 hunc
552 846 685 886 gradum
714 847 809 883 venit,
831 846 890 876 ex⁴
912 845 1023 876 studiis
1045 845 1209 876 literarum
1230 844 1413 882 translatus,
1436 855 1474 875 nc
1507 845 1609 876 dicam

87 906 200 944 raptus
220 904 261 935 ad
272 905 283 920 ⁵
303 904 439 940 Curiam,
459 914 522 934 non
549 906 702 943 tanquam
715 903 770 943 qui
786 913 824 934 ex
839 903 901 934 otio
916 906 992 934 tunc
1005 903 1016 919 ⁶
1030 903 1166 943 primum
1181 903 1221 934 ad
1237 903 1364 943 negotia
1388 903 1534 934 obeunda
1558 912 1609 933 vo-

88 964 178 993 catus
199 963 288 998 esset,
309 961 363 992 sed
386 964 423 992 ut
445 961 499 1001 qui
520 970 642 1000 semper
660 960 770 992 fuisset
790 961 823 991 in
843 960 936 991 rebus
957 960 1101 1000 gerendis
1129 963 1281 997 versatus,
1303 970 1334 991 se
1363 960 1517 996 exhibuit,
1547 969 1604 990 nec

86 1028 195 1058 passus
217 1021 262 1049 est
283 1021 319 1049 ut
336 1019 438 1048 minor
459 1018 556 1049 tune⁷
577 1018 668 1055 forte,
690 1028 739 1049 res
760 1018 891 1058 agendo,
914 1028 1009 1057 quani
1030 1018 1105 1048 olim
1130 1017 1278 1054 docendo,
1295 1017 1464 1048 videretur.
1488 1016 1605 1048 Verum

86 1075 119 1106 id
139 1075 269 1115 quidem
290 1085 352 1106 non
373 1075 517 1114 superbe,
548 1076 602 1106 sed
630 1085 701 1106 cum
730 1075 814 1106 omni
842 1075 1003 1106 modestia.
1027 1074 1119 1111 Nam,
1142 1074 1224 1114 quod
1254 1074 1312 1104 viri
1340 1074 1420 1106 bene
1447 1074 1608 1114 sapientes

87 1133 199 1169 solent,
223 1133 383 1172 opiniones
404 1142 476 1163 suas
497 1136 528 1163 et
548 1142 657 1164 sensus
678 1133 723 1163 ita
744 1132 943 1171 defendebat,
967 1136 1003 1163 ut
1022 1143 1085 1163 non
1107 1142 1189 1172 aegre
1210 1134 1374 1172 pateretur
1402 1135 1514 1163 contra
1539 1142 1606 1163 sen-

87 1190 151 1227 tiri,
165 1208 203 1212 —
219 1190 328 1221 omitto
349 1190 512 1230 superiora
531 1192 685 1229 tempora,
698 1208 737 1212 —
751 1190 804 1221 sed
820 1200 859 1221 ne
874 1200 958 1221 nunc
971 1190 1108 1229 quidem,
1121 1190 1248 1229 quando
1259 1192 1290 1220 et
1300 1192 1394 1220 aetate
1406 1192 1438 1220 et
1450 1189 1607 1230 dignitate

87 1247 213 1288 gravior
234 1250 312 1278 erat.
335 1247 458 1279 Etenim
471 1248 490 1285 ³,
513 1258 610 1287 quum
632 1248 689 1278 hoc
709 1250 849 1288 tempore
865 1257 920 1288 ego
935 1247 982 1278 illi
995 1247 1034 1279 de
1050 1258 1084 1278 re
1100 1247 1237 1278 maxima
1259 1247 1384 1286 publice
1408 1246 1602 1283 adversarer,

87 1307 120 1335 et
141 1307 276 1344 uterque
298 1305 423 1336 comuni
444 1305 524 1336 bono
545 1304 688 1336 studeret
703 1306 782 1343 (tam
798 1305 881 1335 enim
895 1304 995 1335 audeo
1011 1304 1049 1335 de
1065 1304 1141 1335 11102‘
1162 1315 1256 1344 quani
1273 1304 1312 1335 de
1332 1314 1382 1335 me
1404 1303 1560 1335 affirmare
1573 1304 1610 1344 ιο)

77 1361 187 1404 ,1111633
202 1362 319 1393 mansit
332 1362 417 1402 apud
434 1372 504 1393 eum
528 1362 751 1393 benevolentiae
772 1362 883 1402 gratia,
895 1372 994 1402 quum
1006 1365 1113 1393 tamen
1124 1362 1164 1392 ob
1178 1372 1248 1392 eam
1260 1371 1385 1392 causam
1397 1361 1481 1401 apud
1496 1361 1611 1392 multos

89 1420 177 1460 gravi
191 1420 262 1451 odio
276 1420 453 1451 laborarem
466 1420 496 1450 ¹¹.
510 1420 673 1460 Agebatur
689 1420 772 1450 enim
787 1419 826 1450 de
847 1420 937 1450 modo
954 1420 1068 1450 futurae
1085 1419 1246 1450 electionis
1260 1419 1372 1449 summi
1392 1418 1556 1458 pontificis,
1577 1421 1612 1450 et

89 1478 144 1509 ine
158 1477 285 1518 quidem
298 1480 422 1508 certum
435 1477 561 1508 modum
576 1487 640 1517 prae
660 1477 779 1508 caeteris
800 1477 965 1517 probabat,
985 1477 1039 1516 qui
1059 1477 1254 1517 probabatur
1276 1487 1295 1507 a
1316 1476 1432 1507 multis.
1452 1475 1516 1516 Ego
1538 1485 1612 1508 vero

90 1535 319 1576 improbabam.
331 1535 391 1566 Sed
403 1545 441 1566 ea
452 1535 609 1566 contentio
618 1536 684 1576 jani
696 1535 821 1566 dec-reto
837 1535 959 1566 concilii
975 1535 1101 1566 sublata
1118 1537 1174 1571 est,
1191 1545 1253 1574 quo
1269 1534 1457 1565 constitutus
1472 1536 1519 1564 est
1536 1533 1612 1564 elec-

89 1592 184 1624 tionis
197 1592 349 1624 habendae
361 1593 478 1624 modus.
492 1592 642 1623 Libenter
652 1595 759 1623 autem
770 1592 837 1623 haec
847 1602 969 1623 mecum
980 1602 1126 1629 memoro,
1138 1595 1174 1622 ut
1185 1601 1411 1632 recognoscam,
1424 1593 1579 1631 quantum
1590 1590 1613 1608 ¹²

91 1650 139 1681 ffli
150 1650 217 1681 vita
226 1650 374 1681 defuncto
385 1650 491 1681 vivens
503 1660 558 1690 ego
568 1650 601 1680 in
614 1660 804 1690 unaquaque
816 1660 849 1680 re
862 1650 1004 1686 debeam,
1015 1652 1047 1680 et
1057 1652 1212 1689 quantum
1224 1649 1278 1680 ille
1290 1659 1339 1680 me
1351 1648 1409 1680 sibi
1420 1659 1477 1689 per
1488 1647 1612 1688 singula

92 1708 159 1740 fere
170 1711 329 1740 momenta
340 1708 454 1739 eximia
465 1708 663 1739 humanitate
675 1718 732 1739 sua
742 1708 918 1739 devinxerit
927 1708 956 1738 ¹3.
970 1707 1051 1746 Quid
1060 1707 1143 1738 enim
1154 1707 1234 1737 illud
1243 1707 1254 1738 ζ
1262 1708 1311 1737 An
1322 1706 1462 1738 oblivisci
1473 1715 1613 1745 unquam

92 1766 188 1796 etiam
203 1765 229 1797 si
243 1765 379 1802 voluero,
401 1775 535 1805 passum,
550 1766 613 1805 qui,
630 1776 727 1805 quum
740 1766 759 1782 ¹⁴
774 1775 823 1796 me
843 1765 994 1796 decennio
1012 1768 1069 1796 aut
1082 1765 1206 1795 circiter
1220 1765 1358 1795 anteiret
1372 1767 1466 1795 aetate
1482 1767 1514 1794 et
1531 1766 1613 1795 esset

93 1832 177 1853 nunc
190 1822 223 1853 in
238 1832 273 1853 eo
286 1822 386 1863 gradu
401 1823 596 1859 constitutus,
609 1823 663 1863 qui
678 1832 822 1863 supremo
833 1823 992 1862 proximus
1004 1822 1147 1859 habetur,
1160 1825 1266 1853 tamen
1280 1832 1341 1852 non
1353 1821 1447 1852 aliter
1462 1830 1612 1861 unquam,

95 1889 190 1920 quam
211 1880 295 1911 inter
315 1889 348 1911 se
362 1890 454 1920 pares
473 1880 583 1917 solent,
596 1881 629 1910 in
643 1880 876 1911 conversatione
888 1880 1058 1911 domestica
1070 1883 1106 1910 ut
1116 1890 1220 1910 secum
1239 1889 1364 1919 agerem
1377 1879 1398 1896 ¹5
1413 1877 1614 1918 patiebatur?

93 1937 143 1968 Ad
156 1937 318 1968 absentem
333 1948 416 1974 vero,
431 1938 553 1977 quoties
568 1937 724 1968 divertere
741 1940 798 1968 aut
811 1937 887 1968 alibi
901 1938 1016 1968 morari
1029 1937 1168 1977 contigit,
1180 1946 1304 1976 semper
1319 1937 1447 1976 propria
1461 1945 1556 1967 manu
1571 1935 1612 1966 ad

92 2005 143 2026 me
165 1995 301 2035 scripsit,
323 1995 418 2035 idque
439 1996 485 2026 ita
500 1995 692 2035 frequenter,
708 1998 743 2026 ut
756 2005 836 2035 pene
852 1995 1085 2035 praesentiorem
1099 1994 1189 2025 illum
1205 1995 1226 2011 ¹⁶
1239 1994 1390 2025 haberem
1405 2003 1499 2034 quan]
1513 2003 1611 2033 quum

93 2062 229 2093 praesens
251 2055 338 2084 esset.
361 2051 421 2084 Sed
442 2055 474 2083 et
499 2052 578 2084 illud
604 2063 738 2092 quoque,
760 2056 796 2083 ut
824 2052 971 2084 oblivioni
998 2052 1126 2083 minime
1155 2052 1232 2082 mihi
1261 2051 1463 2088 tradendum,
1483 2051 1529 2081 ita
1556 2059 1614 2081 nec

93 2110 352 2141 committendum
373 2110 506 2147 silentio,
530 2110 613 2150 quod
634 2113 704 2150 post
726 2110 862 2149 plurima
884 2110 978 2141 variis
1000 2110 1193 2150 temporibus
1219 2109 1320 2140 officia
1345 2108 1560 2148 beneficiaque
1580 2108 1614 2138 in

94 2178 145 2199 me
173 2167 288 2199 collata
300 2168 330 2205 ¹⁷,
361 2170 525 2207 postremo,
554 2178 652 2207 quum
680 2170 905 2198 testamentum
932 2167 1090 2204 conderet,
1111 2167 1308 2207 quorundam
1336 2166 1432 2197 etiam
1461 2165 1614 2196 librorum
1637 2205 1642 2212 .

95 2224 198 2265 legato
218 2235 267 2256 me
290 2225 463 2262 honoravit,
485 2235 582 2265 quum
604 2228 711 2256 tamen
734 2226 874 2265 germani
901 2225 1018 2262 fratris,
1039 2225 1158 2255 dudum
1185 2224 1335 2261 defuncti,
1357 2223 1459 2254 filium
1480 2222 1615 2254 haberet

105 2310 114 2326 ¹
135 2309 182 2337 Gr.
202 2309 258 2338 ΡΡ.
278 2310 413 2337 virtutem
431 2318 529 2337 eorum
872 2311 893 2327 ¹⁰
913 2309 967 2337 ΡΡ.
990 2309 1150 2342 affirmaret

105 2355 116 2371 ²
136 2353 182 2381 Gr.
202 2353 257 2381 ΡΡ.
275 2354 477 2382 considerandi
870 2355 890 2372 ¹¹
912 2354 965 2383 ΡΡ.
987 2355 1180 2386 laboraretur,
1201 2354 1246 2381 Gr.
1268 2353 1412 2380 laboraret

103 2399 115 2415 ³
135 2398 181 2426 Gr.
200 2397 255 2426 ΡΡ.
274 2398 370 2432 itaque
388 2400 558 2426 metm-orum
869 2400 890 2416 ¹2
910 2398 956 2426 Gr.
977 2398 1031 2426 ΡΡ.
1051 2398 1153 2432 ‘stanti

105 2443 115 2460 ⁴
135 2442 181 2471 Gr.
201 2442 256 2471 ΡΡ.
277 2444 304 2470 et
870 2444 891 2460 ¹³
910 2443 956 2470 Grr⁴
977 2443 1131 2470 devinxerit

106 2488 118 2505 ⁵
136 2487 183 2515 Gr.
202 2487 258 2516 PF.
279 2487 309 2515 in
873 2488 893 2504 ¹⁴
915 2487 960 2515 Gr.
980 2487 1057 2521 quod
1074 2496 1165 2521 quum

106 2533 117 2549 ⁶
137 2531 184 2559 Gr.
205 2531 260 2559 ΡΡ.
282 2533 342 2560 tum
874 2533 896 2549 ¹5
915 2532 961 2559 Gr.
981 2532 1037 2558 ΡΡ.
1057 2540 1141 2566 aycre

106 2577 118 2593 ⁷
136 2575 182 2604 Gr.
203 2576 258 2604 ΡΡ.
279 2577 337 2603 tum
873 2578 893 2594 [δ
914 2576 959 2604 Gr.
981 2576 1033 2603 ΡΡ.
1055 2576 1105 2603 due
1127 2575 1200 2603 volte
1221 2575 1301 2603 illum

107 2621 118 2638 ⁸
138 2619 184 2648 Gr.
204 2622 304 2649 omette
322 2621 357 2648 da
376 2621 493 2649 Elem'm
514 2630 530 2650 a
549 2623 575 2649 et
594 2623 713 2658 uterque
875 2622 896 2638 ¹7
916 2620 971 2648 ΡΡ.
991 2620 1105 2648 collecta

106 2665 118 2682 ⁹
138 2664 184 2692 Gr.
204 2666 302 2694 omette
322 2665 355 2694 de
375 2666 426 2694 illo
