1845 3076
752 179 888 203 EPISTOLE
1531 171 1568 201 57

63 268 138 298 sunt
157 265 290 304 virtutis,
319 264 368 295 sin
388 264 488 301 malis,
515 263 667 304 pestifera
686 267 759 294 sunt
786 264 997 295 instrumenta
1019 263 1189 303 nequitiae.
1217 262 1438 301 Quamobrem,
1464 265 1500 294 ut
1521 272 1579 294 neo

63 323 192 354 divitiae
213 332 361 363 magnum
377 321 508 360 faciunt,
529 322 575 352 ita
589 331 647 352 nec
662 325 711 353 est
731 321 955 361 impedimento
975 324 1154 361 paupertas,
1175 321 1339 361 quominus
1360 320 1408 351 vir
1421 320 1577 360 quispiam

63 381 96 411 in
117 379 238 420 maguis
252 379 302 417 sit,
324 382 381 410 aut
395 381 431 410 ut
451 389 513 410 non
526 379 568 409 sit
588 379 672 409 inter
693 379 807 410 amicos
822 378 998 409 habendus.
1018 379 1151 409 Animus
1173 379 1256 409 enim
1277 381 1324 409 est
1339 378 1415 418 qui¹
1437 377 1578 409 homiues

66 437 214 474 metitum
247 436 346 467 virtus
367 446 448 476 quae
470 445 598 476 magnos
618 435 718 467 efficit.
741 436 796 467 Aa
817 436 987 467 amicitiam
1009 438 1111 466 autem
1132 436 1212 466 satis
1232 438 1278 466 est
1295 435 1475 472 similitudo,
1495 435 1578 466 ratio

63 494 169 531 studii,
184 496 213 524 et
227 493 357 533 paritas
378 494 559 524 animormn.
584 492 646 532 Ego
661 496 780 530 autem,
801 503 899 532 quum
920 502 969 523 me
984 492 1119 523 amicum
1140 492 1307 532 appellem,
1329 492 1374 523 ita
1388 492 1486 532 accipi
1508 491 1576 523 volo

64 550 149 591 quod
170 550 244 581 huic
270 550 386 581 nomini
409 549 526 587 subest,
554 553 590 580 ut
612 549 712 581 multa
733 550 858 580 virtutis
883 559 956 589 pars
977 550 1027 586 sit,
1054 549 1148 580 immo
1175 559 1248 580 vero
1274 559 1389 589 magna
1409 549 1450 580 sit
1470 549 1578 586 virtus,

64 607 145 639 velle
165 616 198 638 se
219 607 399 647 quempiam
428 616 492 638 esse
514 607 696 638 virtuosum.
726 606 793 645 Quo
806 607 816 624 ²
844 606 998 637 desiderio
1027 605 1174 637 affectum
1196 616 1245 637 me
1265 606 1312 637 ita
1332 606 1462 645 gaudeo,
1488 609 1524 636 ut
1545 609 1577 637 et

67 664 271 696 vehementer
301 664 426 704 glorier,
452 674 649 704 magnaeque
670 664 681 681 ³
710 664 786 694 mihi
807 664 848 695 sit
867 663 933 703 spei
955 667 1187 703 argumentum,
1207 674 1305 702 quum
1323 664 1332 680 ⁴
1355 663 1492 694 maxima
1523 665 1579 701 est,

65 724 102 752 ut
121 722 220 762 ajunt,
242 721 386 752 sanitatis
414 731 497 761 pars,
519 721 598 752 velle
619 721 733 752 sanari.
762 720 939 757 Caeterum,
967 723 1004 751 ut
1025 720 1065 751 ad
1085 730 1239 751 summam
1261 720 1349 751 illam
1377 720 1581 760 perveniatur

65 777 169 810 studio
191 780 288 818 atque
309 778 544 815 exercitatione,
566 782 722 818 quantum
744 778 826 809 ferre
848 777 976 809 valuero
1003 780 1262 808 conservaturum
1282 787 1332 808 me
1355 787 1416 808 non
1439 777 1578 816 despero.

65 835 103 866 In
124 836 264 867 amicitia
284 838 391 866 autem
412 838 520 867 nostra
544 836 750 872 cohaerenda,
779 835 856 866 haec
877 835 996 875 optima
1017 835 1106 866 uobis
1134 834 1301 874 disciplina
1323 838 1449 866 servata
1470 837 1525 872 est,
1545 836 1583 865 ut

66 902 162 932 neque
177 895 209 924 tu
229 893 435 924 Icwniliiatem
455 903 555 924 meam
574 893 758 932 fastidieris,
778 903 872 932 neque
887 903 939 932 eyo
959 892 1150 932 splendorem
1173 895 1258 923 tecum
1279 893 1338 923 sinz
1352 893 1473 923 veritus.
1492 890 1579 929 Quae

65 960 115 981 res
135 950 177 981 ad
197 960 321 982 omnem
342 950 592 991 conjunctionem
614 950 939 989 necessitudinemque
962 950 1131 987 hominum,
1152 952 1185 981 et
1205 949 1378 980 ineundam
1408 951 1440 980 et
1461 958 1578 980 conser-

65 1007 210 1045 vandam,
231 1008 338 1039 obesse
359 1007 429 1047 plus
450 1007 537 1038 solet.
560 1006 656 1038 Nobis
677 1017 751 1038 vero
773 1018 854 1048 quae
875 1008 995 1047 optima
1017 1008 1098 1038 ratio
1123 1007 1248 1038 initium
1270 1006 1311 1037 ad
1332 1006 1577 1038 benivolentiam

63 1064 163 1102 dedit,
185 1064 317 1095 eandem
339 1064 509 1095 amicitiam
532 1064 564 1094 in
585 1067 750 1096 aeternum
770 1064 915 1095 servabit.
940 1064 1100 1096 Postremo
1121 1065 1320 1104 antiquitatis
1345 1064 1576 1103 cognoscendae

61 1122 204 1153 studium
227 1121 346 1162 (quod⁵
366 1122 675 1153 delectabilissimum
692 1125 747 1159 est,
770 1122 881 1162 cuique
903 1122 1013 1162 quanti
1033 1122 1073 1152 sit
1095 1121 1216 1152 fructus
1231 1122 1272 1152 ad
1294 1132 1392 1152 unum
1403 1122 1423 1159 ⁶,
1446 1121 1578 1161 epistola

62 1182 120 1210 tua
141 1179 234 1219 plane
255 1179 513 1219 comprehensum
535 1180 595 1219 est)
618 1179 700 1210 tanti
721 1179 779 1210 fiat
795 1180 806 1196 ⁷
827 1182 863 1210 ut
884 1179 1010 1210 virtutis
1032 1189 1155 1219 semper
1177 1182 1208 1210 et
1229 1179 1418 1210 desiderium
1441 1182 1473 1209 et
1488 1188 1576 1210 amor

62 1236 253 1276 praecipuus
275 1236 363 1267 nobis
377 1236 426 1267 sit.
446 1235 571 1274 Quums
591 1246 664 1267 vero
684 1236 820 1267 monitus
841 1246 933 1274 meos,
955 1247 1017 1267 non
1039 1240 1075 1267 ut
1095 1236 1288 1275 consultoris,
1309 1236 1363 1267 sed
1384 1238 1421 1266 ut
1434 1236 1578 1273 doctoris,

66 1295 162 1333 atque
189 1293 331 1334 magistri
347 1294 368 1330 ⁰,
397 1296 429 1324 et
456 1294 570 1333 accipis
598 1296 629 1324 et
655 1293 824 1331 desideras,
851 1293 954 1325 nescio
983 1304 1047 1333 qua
1073 1294 1185 1334 majori
1213 1293 1274 1324 suit
1302 1303 1343 1324 an
1370 1293 1577 1333 benignitate,

62 1349 147 1390 quod
159 1350 180 1367 ¹⁰
200 1353 291 1381 tanto
313 1361 362 1381 me
383 1351 507 1382 nomine
531 1354 561 1382 et
583 1351 699 1382 honore
721 1350 867 1391 digneris,
896 1361 936 1381 an
958 1351 1120 1382 voluntate
1140 1350 1270 1388 sciendi,
1298 1350 1383 1390 quod
1402 1350 1453 1381 vel
1473 1350 1513 1381 ab
1534 1349 1579 1380 in-

59 1406 149 1438 docto
169 1407 245 1439 velis
266 1407 397 1439 edoceri.
421 1407 509 1445 Vale,
533 1410 565 1439 et
584 1418 642 1446 me,
666 1411 702 1438 ut
719 1408 791 1447 jure
813 1418 890 1445 sum,
912 1408 957 1439 ita
978 1411 1063 1440 certo
1084 1411 1175 1439 tuum
1197 1407 1298 1439 crede.

730 1666 904 1697 XXXVIII.

439 1757 642 1789 JOANNI
673 1757 1015 1790 BONONIENSI
1044 1758 1072 1789 S.
1100 1758 1134 1789 P.
1162 1758 1198 1789 D.

551 1841 680 1871 PADUAE,
701 1842 753 1864 ΧΠ
774 1842 842 1865 KAL.
863 1842 987 1864 SEPTEM.
1010 1834 1095 1865 1396.

297 1908 361 1944 (Er.
374 1917 398 1944 p
427 1909 446 1936 6
466 1918 480 1937 e
498 1910 558 1943 77,
577 1925 612 1929 -
635 1909 687 1938 Gr.
706 1918 734 1937 η..
753 1909 814 1943 27;
834 1925 867 1929 -
886 1909 958 1937 PM.
977 1918 1000 1937 c.
1019 1910 1079 1943 65;
1102 1926 1130 1929 —
1151 1909 1213 1937 PP.
1236 1917 1263 1937 η.
1284 1909 1343 1945 58.)

140 1996 230 2028 Facis
250 1998 286 2027 ut
305 1996 438 2036 probum
462 1997 564 2027 virum
585 1999 617 2027 et
636 1997 737 2028 virum
758 1997 894 2027 amicum
915 1997 1026 2028 deceat
1039 1997 1070 2034 ¹¹,
1092 1997 1146 2036 qui
1166 1996 1273 2028 Sancti
1292 1996 1392 2028 nostri
1407 1996 1577 2027 liberorum

62 2064 171 2086 curam
191 2054 363 2093 suscepisti,
386 2064 556 2094 eorumque
578 2058 609 2085 et
630 2054 713 2085 vitae
736 2057 766 2086 et
786 2055 881 2086 rebus
901 2054 1037 2086 fideliter
1058 2054 1200 2085 consulis.
1221 2054 1312 2085 Facis
1328 2065 1373 2084 un
1393 2057 1425 2084 te
1446 2053 1577 2093 dignum

62 2114 118 2149 est,
139 2115 237 2152 utque
258 2111 312 2142 ille
334 2111 372 2142 de
394 2114 426 2142 te
438 2112 460 2128 ¹²
480 2111 597 2151 optime
619 2111 759 2149 meritus,
776 2112 830 2151 qui
845 2122 942 2142 unum
956 2122 1079 2151 semper
1096 2112 1362 2151 praecipuumque
1377 2115 1408 2141 te
1422 2111 1443 2128 ¹³
1464 2110 1576 2141 habuit

62 2169 150 2209 cujus
174 2168 249 2200 fidei
269 2172 301 2200 et
320 2179 353 2200 se
377 2171 409 2199 et
432 2178 488 2198 sua
512 2171 544 2199 et
567 2178 685 2199 arcana
715 2169 820 2200 omnia
851 2169 1103 2200 committeret¹⁴.
1126 2168 1228 2206 Nunc,
1250 2169 1275 2199 si
1300 2171 1332 2199 te
1358 2168 1405 2198 illi
1427 2177 1578 2207 umquam

61 2228 162 2257 totum
184 2226 364 2263 exhibuisti,
386 2235 463 2266 opus
484 2228 531 2257 est
552 2229 584 2257 et
605 2226 731 2257 consilio
753 2230 808 2257 tuo
824 2229 856 2257 et
870 2236 937 2266 ope.
959 2226 1124 2257 Familiam
1145 2225 1333 2257 imbecillem
1349 2225 1477 2265 reliquit
1488 2225 1519 2261 ¹5,
1540 2242 1579 2246 —

73 2345 82 2362 ¹
102 2344 157 2372 PP.
176 2344 252 2379 quod
852 2347 862 2361 ⁸*
881 2346 936 2374 PP.
955 2347 994 2374 sit
1011 2355 1075 2374 cum

72 2389 83 2407 ²
102 2388 157 2417 PP.
176 2389 254 2423 quod
849 2392 860 2408 9
879 2390 934 2419 PP.
953 2392 1054 2419 ometto
1074 2390 1204 2426 mrzqistri

75 2433 86 2451 ³
105 2433 161 2461 PP.
179 2442 302 2469 maqme
321 2442 395 2468 quac
839 2436 861 2453 ¹⁰
879 2435 935 2464 PP.
955 2436 1005 2470 qni

71 2478 82 2495 ⁴
101 2477 156 2506 PP.
176 2480 380 2513 aryumentam
398 2487 485 2513 quam
840 2480 859 2497 ¹¹
880 2480 936 2508 PP.
956 2482 1040 2508 nota:
1060 2480 1177 2508 Melius:
1198 2480 1308 2508 zlecebczt

73 2522 84 2540 ⁵
102 2521 160 2551 PP.
176 2522 307 2550 studium
325 2523 403 2558 quod
841 2525 861 2541 ¹¹²
881 2523 927 2552 Gr.
948 2525 1000 2552 ille
1018 2526 1059 2552 est
1076 2524 1109 2552 dc
1129 2526 1154 2552 te

73 2566 84 2583 ⁶
102 2565 205 2601 cuique
218 2589 224 2594 .
296 2567 336 2594 ad
353 2575 454 2602 unum,
472 2576 489 2595 a
508 2568 586 2603 tutti,
605 2567 691 2596 niuno
712 2569 803 2596 eccet-
841 2570 862 2586 ¹³
882 2568 928 2597 Gr.
947 2569 993 2597 ΒΥ.
1015 2569 1065 2597 ῖῖι
1085 2578 1194 2603 semper
1207 2569 1400 2604 praecipuum
1421 2571 1446 2597 te

95 2610 174 2638 tuato
838 2614 858 2631 Η
879 2613 940 2641 Cosi
961 2614 1006 2642 ΒΓ.
1026 2613 1076 2648 ΤῘ;
1097 2613 1142 2641 Gli
1163 2614 1245 2642 altri:
1266 2615 1514 2643 commitlmenlm·

72 2655 82 2672 ⁷
101 2654 157 2683 PP.
176 2657 223 2683 est.
250 2655 335 2684 Tanti
840 2659 860 2675 ¹⁵
879 2658 934 2686 PP.
953 2658 986 2685 ed
1006 2658 1072 2686 altri
1091 2659 1233 2694 relinquit

1475 2729 1491 2756 S
