1845 3076
230 167 270 206 88
866 180 892 203 P.
913 180 938 203 P.
961 172 1112 203 ’171311οΕ1110

227 268 292 298 sive
305 266 428 307 ingenio
441 265 632 306 perficiatur,
653 274 762 295 verum
783 264 863 295 habe
875 264 893 295 ¹.
917 263 1137 302 Quamobrem,
1157 263 1183 295 si
1203 274 1266 295 non
1286 273 1397 303 aeque,
1413 265 1449 294 ut
1463 263 1653 294 desiderium
1667 263 1747 300 fert,

229 325 263 355 in
283 324 424 364 linguam
438 325 494 353 aut
514 322 628 361 digitos
648 321 734 352 venit
754 322 864 358 oratio,
884 331 947 352 non
961 324 1007 352 est
1027 324 1063 352 ut
1083 321 1248 362 desperes;
1270 331 1344 352 nam
1365 323 1398 352 et
1418 323 1487 352 tute
1508 330 1605 352 novus
1626 331 1658 351 es
1669 321 1690 359 ²,
1710 323 1742 351 et

229 381 286 421 qui
305 379 527 420 promptissimi
546 381 620 410 sunt
640 388 703 410 non
723 378 770 409 ita
790 388 913 418 semper
931 377 1035 417 eloqui
1056 381 1193 418 possunt,
1215 381 1251 409 ut
1271 380 1376 409 mente
1397 387 1576 409 concessum
1599 380 1665 415 est;
1685 377 1742 409 sed.

229 448 292 478 quo
313 437 412 477 magis
433 436 607 473 elaborant,
630 446 665 467 eo
686 435 897 466 venustiorem
918 444 1092 466 sermonem
1113 434 1220 466 edunt.
1243 434 1435 475 Deligendus
1457 438 1505 466 est
1525 437 1632 466 autem
1652 434 1743 466 nobis

227 504 321 531 unus,
340 504 435 534 quem
454 493 634 524 imitemur:
656 492 740 532 quod
759 492 792 522 in
814 492 898 523 omni
918 501 1032 531 genere
1052 502 1160 523 rerum
1182 492 1426 523 efficacissimum
1447 492 1666 533 adjumentum
1686 495 1741 524 est.

228 551 271 583 Et
292 561 486 592 quamquam
506 552 654 581 Annaeus
668 550 679 567 ³
700 549 858 580 neminem
879 549 954 580 velit
977 560 1074 580 unum
1096 549 1322 590 sequenduin⁴,
1343 549 1398 580 sed
1417 559 1456 580 ex
1479 549 1609 581 diversis
1629 560 1744 581 novum

229 608 389 649 quoddam
403 607 526 638 dicendi
541 618 639 648 genus
661 606 897 643 conficiendum,
911 606 987 637 mihi
1007 609 1113 638 tamen
1128 617 1191 638 non
1210 607 1256 637 ita
1270 606 1405 644 videtur,
1425 606 1480 638 sed
1495 617 1593 638 unum
1607 607 1755 647 aliquem.

230 666 428 705 eundemque
448 665 612 705 optimum,
633 663 816 695 habendum
836 673 911 701 esse,
932 674 1025 703 quem
1048 664 1253 703 praecipuum
1275 663 1443 700 imitemur,
1471 666 1639 704 propterea
1659 665 1745 704 quod

227 726 319 755 tanto
333 723 371 754 fit
386 723 517 763 quisque
532 722 680 759 deterior,
695 724 823 761 quanto,
838 721 1019 752 inferiorem
1033 724 1167 758 secutus,
1180 731 1200 751 a
1213 721 1373 760 superiore
1388 721 1494 752 deficit
1505 722 1523 752 ⁵.
1550 721 1742 753 Faciendum

230 783 277 812 est
296 780 394 821 igitur
415 779 500 820 quod
513 779 627 811 aetatis
647 782 773 810 nostrae
795 779 938 818 pictores,
960 779 1023 818 qui,
1045 788 1115 809 cum
1131 781 1327 809 caeterorum
1348 778 1450 810 claras
1470 778 1621 818 imagines
1635 778 1744 810 sedulo

229 840 384 878 spectent,
406 837 501 868 solius
523 839 631 867 tamen
651 835 717 867 Joti
738 836 931 876 exemplaria
951 839 1137 875 sequuntur.
1158 835 1217 866 Hic
1233 845 1272 866 ne
1293 836 1371 875 quid
1391 838 1422 866 te
1438 836 1590 873 demorer,
1613 836 1638 866 si
1652 845 1746 875 prosa

228 895 399 932 contendis,
426 894 604 926 Ciceronem
625 903 664 924 ne
686 893 811 929 desere;
838 893 886 923 sin
907 896 1016 930 metro,
1037 893 1103 924 cole
1125 893 1296 930 Maronem,
1317 912 1355 915 -—
1377 903 1578 933 quamquam,
1600 892 1683 933 quod
1702 893 1745 924 ad

229 952 442 992 eloquentiam
463 951 588 988 attinet,
609 950 688 981 nihil
709 951 833 981 intersit
853 950 955 981 soluta
968 960 1009 981 an
1030 949 1177 981 fraenata
1197 950 1338 981 oratione
1359 950 1490 981 dicatur.
1513 950 1580 981 Nec
1599 960 1671 981 vero
1692 950 1744 981 hic

228 1010 391 1047 contendo,
413 1012 486 1040 uter
500 1019 608 1040 eorum
630 1008 810 1048 eloquentia
830 1008 1033 1048 praestiterit,
1055 1010 1091 1038 ut
1107 1007 1296 1044 sslacrobius,
1318 1008 1382 1048 qui,
1404 1018 1476 1038 cum
1492 1007 1615 1039 diversa
1629 1018 1746 1048 genera

227 1067 352 1098 dicendi
374 1066 594 1103 constituisset,
617 1065 791 1103 Blaronem,
813 1065 926 1102 studio,
949 1068 984 1095 ut
1005 1065 1152 1101 arbitror,
1179 1065 1246 1105 ejus
1268 1065 1418 1102 adlectus,
1446 1065 1478 1095 in
1500 1065 1643 1096 omnibus
1663 1065 1746 1105 prin-

227 1125 329 1165 cipem
349 1124 433 1160 fecit,
459 1123 630 1155 Ciceronem
651 1123 684 1153 in
705 1122 769 1154 solo
790 1133 852 1153 uno
872 1122 1000 1162 pollere,
1023 1132 1084 1153 uon
1107 1122 1269 1159 excellere,
1298 1122 1398 1152 fassus
1419 1125 1475 1159 est,
1503 1122 1561 1153 etsi
1582 1122 1646 1154 alia
1666 1123 1746 1154 alibi

226 1191 300 1212 usus
321 1181 528 1219 distinctione,
548 1180 677 1220 singulis
698 1180 864 1220 generibus
884 1179 1021 1220 singulos
1042 1180 1230 1219 praefecerit
1244 1180 1255 1195 ‘³
1280 1182 1431 1210 auctores.
1453 1180 1533 1210 Mihi
1554 1190 1636 1218 vero,
1657 1183 1694 1211 ut
1715 1183 1748 1211 et

222 1239 377 1279 judicium
392 1248 495 1268 meum
511 1237 630 1274 audias,
647 1237 781 1274 videtur,
803 1236 982 1268 Ciceronem
1005 1237 1149 1268 omnibus
1164 1239 1194 1268 et
1208 1237 1385 1268 oratoribus
1400 1240 1431 1267 et
1445 1237 1545 1277 poetis
1565 1237 1746 1277 eloquentia

226 1298 397 1336 praestare.
414 1295 498 1326 Illud
513 1295 638 1325 omnino
652 1294 826 1325 curandum
842 1297 897 1331 est,
912 1296 948 1324 ut
963 1294 1126 1325 sententiis
1141 1294 1239 1334 magis
1254 1294 1371 1334 polleat
1386 1294 1486 1326 oratio
1497 1295 1517 1332 ⁷,
1532 1305 1627 1334 quam
1641 1295 1746 1327 verbis

228 1363 268 1384 ne
287 1353 403 1384 similes
423 1352 469 1383 illi
489 1352 662 1390 videamur,
684 1352 738 1392 qui
760 1351 850 1382 flores
871 1354 1043 1389 sectantur,
1065 1352 1183 1382 fructos
1203 1362 1276 1382 vero
1297 1351 1468 1392 negligunt.
1491 1351 1529 1382 Iu
1550 1362 1611 1392 quo
1632 1362 1745 1393 genere

227 1421 342 1451 magna
362 1420 435 1451 pars
458 1412 565 1441 errant
577 1409 597 1447 8,
618 1409 681 1449 qui,
703 1409 728 1439 si
749 1409 840 1440 modo
861 1409 989 1440 lubricis
1004 1412 1060 1440 aut
1082 1419 1195 1450 magno
1218 1409 1315 1440 boatu
1336 1409 1556 1441 resonantibus
1577 1410 1679 1441 verbis
1703 1409 1748 1440 di-

225 1468 362 1500 ctionem
382 1478 471 1498 suam
492 1467 681 1503 retorserint,
703 1466 828 1498 abunde
846 1477 876 1497 se
900 1477 1013 1497 munus
1040 1467 1212 1498 oratorium
1240 1467 1439 1498 arbitrentur
1459 1467 1659 1507 praestitisse.
1686 1467 1747 1498 Ha-

225 1526 330 1558 benda
351 1528 459 1557 autem
479 1528 553 1555 sunt
572 1524 724 1556 vocabula
745 1535 807 1555 non
828 1525 961 1556 obscura
981 1528 1037 1555 aut
1059 1524 1192 1561 insueta,
1215 1534 1272 1556 nec
1292 1535 1366 1555 vero
1394 1525 1508 1564 passim
1529 1524 1667 1565 vulgata,
1689 1528 1745 1556 aut

227 1583 372 1624 puerilia,
393 1583 448 1614 sed
470 1593 552 1623 quae
572 1582 658 1622 apud
678 1582 778 1613 claros
800 1585 942 1613 auctores
964 1583 1088 1622 cognita
1101 1582 1121 1619 ⁹,
1143 1582 1365 1622 celebrataque
1387 1585 1468 1620 sunt,
1491 1582 1537 1613 ita
1558 1582 1686 1622 quidem
1709 1585 1745 1613 ut

228 1644 261 1672 et
282 1650 486 1681 personarum
506 1650 628 1679 semper
649 1642 681 1670 et
701 1650 816 1677 rerum,
849 1640 888 1670 de
917 1640 1029 1679 quibus
1051 1649 1158 1670 sumus
1178 1639 1302 1676 dicturi,
1330 1640 1440 1670 modus
1462 1639 1660 1680 dignitasque
1682 1649 1749 1680 spe-

225 1701 339 1735 ctetur,
362 1708 399 1729 ea
418 1708 491 1728 vero
512 1698 596 1728 inter
616 1697 707 1728 Soita
722 1697 920 1734 cohaereant,
943 1700 979 1727 ut
1000 1708 1061 1728 non
1084 1707 1157 1728 casu
1179 1697 1330 1737 conjecta,
1357 1697 1411 1728 sed
1433 1707 1471 1728 ex
1492 1700 1561 1728 arte
1582 1697 1744 1728 commissa

226 1756 403 1787 videantur.
424 1755 469 1786 Sit
484 1765 585 1786 sermo
607 1765 667 1785 11011
689 1755 807 1791 scaber,
830 1759 885 1785 aut
906 1755 1021 1793 aridus,
1044 1765 1105 1785 non
1120 1758 1318 1794 praeruptus,
1340 1765 1401 1785 non
1416 1765 1575 1795 praeceps,
1597 1755 1651 1786 sed
1665 1755 1745 1786 lenis

228 1816 260 1844 et
280 1813 401 1853 planus,
424 1812 585 1852 apricique
606 1813 639 1842 111
660 1823 777 1843 morem
799 1812 867 1849 rivi,
889 1813 1036 1843 continuo
1058 1803 1206 1852 mollique
1222 1822 1314 1843 cursu
1337 1811 1487 1849 defluens,
1509 1816 1549 1850 et,
1571 1815 1606 1843 ut
1618 1813 1745 1853 proprie

229 1871 362 1902 dixerim
376 1871 405 1909 ¹³,
427 1872 537 1910 sponte
551 1870 686 1908 veniens,
701 1881 761 1901 non
776 1870 805 1901 vi
820 1873 1007 1910 pertractus.
1029 1870 1074 1901 Sit
1089 1870 1191 1902 cultus
1205 1872 1342 1911 quidem,
1357 1872 1411 1903 sed
1425 1882 1486 1903 11011
1503 1882 1597 1912 super
1609 1872 1628 1888 ¹¹
1650 1882 1746 1911 quam

230 1930 341 1961 deceat
362 1929 552 1965 elaboratus,
574 1939 680 1958 verum
702 1929 747 1958 ita
768 1939 805 1959 ex
827 1931 897 1959 arte
925 1929 1056 1968 genitus,
1084 1932 1120 1959 ut
1141 1929 1211 1969 plus
1232 1940 1251 1960 a
1272 1933 1388 1961 natura
1410 1933 1572 1960 mutuatus
1602 1929 1748 1960 videatur

228 1997 324 2027 quam
345 1987 386 2017 ab
408 1989 485 2017 arte.
515 1986 663 2025 Plerique
686 1985 777 2022 enim,
799 1985 874 2017 dum
896 1986 1019 2026 singula
1040 1989 1153 2017 (urant
1173 1997 1268 2026 supra
1290 1987 1417 2018 modum
1440 1987 1587 2025 excolere,
1609 1987 1747 2027 dumque

225 2044 337 2075 nimios
354 2044 438 2074 fucos
452 2044 473 2060 ¹²
486 2044 647 2080 adhibe-ii,
666 2043 809 2073 mimi-sa,
825 2044 1004 2083 deturpant.
1028 2044 1175 2075 Dilucida
1188 2044 1227 2075 sit
1243 2045 1344 2075 oratio
1359 2047 1390 2076 et
1405 2044 1601 2076 auditoribus
1623 2045 1740 2084 pervia.

229 2102 311 2141 Quid
334 2103 416 2133 enim
439 2104 540 2141 potest
563 2112 626 2131 esse
649 2101 833 2138 dez-ininius,
855 2112 960 2141 quam,
983 2112 1080 2141 quum
1102 2102 1171 2133 ideo
1193 2112 1293 2133 sermo
1316 2105 1347 2133 et
1368 2103 1460 2133 datus
1476 2106 1507 2133 et
1528 2105 1673 2142 receptus
1694 2103 1745 2140 sit,

232 2164 269 2191 ut
284 2161 416 2192 invicem
430 2159 653 2200 intelligamur,
670 2158 700 2188 isl
716 2159 866 2190 scilice-21²
882 2170 992 2189 curare
1008 2160 1150 2197 dicendo,
1167 2171 1205 2191 ne
1220 2160 1354 2201 intelligi
1367 2161 1516 2201 possimus
1528 2161 1539 2191 ξ
1552 2161 1572 2183 ¹¹⁴
1593 2160 1675 2192 Nam
1691 2160 1747 2200 qui

238 2256 246 2272 ¹
267 2254 319 2282 Nei
339 2254 426 2282 codici
445 2254 529 2282 habet
1003 2254 1024 2270 Ν
1042 2253 1119 2282 Ram.
1134 2253 1233 2281 omette
1248 2254 1330 2281 molto
1344 2254 1445 2288 parole.
1457 2254 1507 2287 Qui
1520 2254 1543 2282 si
1557 2254 1637 2291 legge
1648 2261 1746 2282 moneo

236 2301 247 2317 ‘2
266 2299 326 2326 ml.
347 2300 372 2326 et
391 2300 421 2326 ‹11‘
440 2300 465 2326 Ie
482 2298 615 2326 noer-inm<
635 2305 680 2331 (τῆς
706 2297 752 2324 (ἔῑκ
779 2298 803 2325 e!
824 2299 854 2324 ml
873 2299 897 2324 se
917 2306 964 2324 u>-
1039 2298 1059 2325 il
1079 2299 1206 2333 pnriodoz
1221 2299 1340 2333 planas,
1360 2299 1464 2333 aprici,
1484 2301 1517 2325 ut
1527 2299 1650 2333 proprie
1668 2299 1743 2327 dixe-

264 2345 354 2371 rimus
374 2352 402 2370 (¹0
1040 2344 1116 2378 νίκης
1135 2343 1164 2370 111
1184 2343 1300 2378 qualche
1320 2343 1411 2381 codice
1430 2343 1510 2378 vini,
1531 2343 1578 2371 Gr.
1598 2343 1663 2371 risu

236 2390 247 2406 3
267 2389 313 2416 Gr.
333 2388 478 2415 Amanus
1004 2388 1023 2405 ¹1
1045 2387 1091 2415 Gr.
1110 2396 1200 2422 supra

237 2434 247 2451 ⁴
268 2433 346 2460 Ham.
364 2434 511 2467 „fanenses
1005 2433 1026 2449 1²
1046 2432 1100 2460 ΡΙ).
1121 2432 1188 2464 luco

237 2480 248 2495 ⁵
267 2479 312 2506 ΒΓ.
332 2478 409 2506 Ruri.
431 2478 484 2506 Pr'.
505 2477 609 2510 defecit
1002 2477 1023 2494 ¹³
1044 2476 1165 2510 Suilicet,
1184 2476 1231 2511 qui
1245 2475 1289 2503 nel
1303 2484 1383 2504 senso
1397 2475 1425 2503 di
1436 2476 1667 2512 proprc'amenffe,
1679 2485 1738 2512 per

235 2525 246 2540 ⁶
266 2523 313 2551 Gr.
328 2522 461 2557 pra-:fert
1039 2521 1194 2555 I'appccnto

235 2569 246 2584 ⁷
266 2567 311 2595 Gr.
326 2567 436 2602 palma
455 2567 563 2602 oratc‘03
584 2566 693 2594 iuva-rso
708 2565 782 2602 110312
797 2565 861 2594 altri
876 2565 963 2594 codici
1000 2566 1020 2583 ¹⁴
1041 2565 1118 2593 Bam.
1134 2574 1169 2592 ne
1184 2566 1214 2591 ut
1227 2564 1350 2600 intelam·
1365 2573 1536 2601 possmnus3
1556 2564 1603 2594 Gr.
1618 2565 1655 2593 Br
1679 2565 1750 2594 PM„

235 2613 246 2629 ⁸
267 2612 344 2639 Ram.
364 2613 428 2638 erut
1038 2618 1072 2638 ne
1092 2609 1213 2645 intelliyi·
1224 2617 1382 2644 possumus

235 2657 247 2674 ⁹
267 2656 344 2684 Ram.
364 2657 458 2692 σοφία
