1845 3076
751 174 890 198 Erisromz
1518 165 1576 197 153

768 332 876 364 XCIX.

717 425 753 456 N.
776 425 813 456 N.
835 425 864 457 S.
887 425 924 456 D.

559 508 718 537 BONONIAE,
739 508 769 530 VI
791 508 830 530 n).
851 508 951 536 MART„
973 500 1047 530 1401
1065 500 1083 530 ¹.

263 576 327 611 (Br.
342 584 374 611 p.
393 576 432 603 50
451 584 465 604 e
483 575 544 609 82;
565 591 598 595 —
617 574 702 603 Ram.
716 582 748 609 p.
767 574 826 608 47‚·
847 590 878 594 —
899 574 970 602 PM.
989 583 1012 602 c.
1032 575 1107 609 114,-
1127 592 1159 595 —
1179 574 1242 603 ΡΡ.
1263 583 1290 603 n.
1309 575 1374 611 72.)

143 673 299 712 Poteram,
313 673 376 704 imo
395 683 468 704 vero
488 672 654 710 debebam,
667 673 693 703 si
706 672 845 712 vulgaris
859 675 939 703 esset
958 672 1042 702 inter
1055 682 1112 703 nos
1127 672 1274 711 amicitia,
1296 671 1374 703 nihil
1388 672 1428 703 ad
1442 675 1474 704 te
1491 682 1576 704 nunc

61 730 207 768 seribere,
223 730 306 771 quod
317 730 328 747 ²
348 740 450 770 neque
470 729 667 770 proficiscens
683 739 732 760 me
746 729 927 767 consulam,
942 739 1054 769 neque,
1069 732 1235 770 postquam
1256 730 1415 770 profectus
1428 740 1469 768 es,
1485 730 1576 768 ullas,

62 798 141 828 quas
161 788 289 828 quidem
310 787 495 827 acceperim,
521 787 631 818 literas
652 787 693 818 ad
714 797 762 817 me
783 786 905 818 dedisti.
934 788 1010 824 Aut,
1031 787 1057 818 si
1077 787 1276 818 scribendum
1298 788 1468 825 videretur,
1489 798 1577 819 accu-

60 844 176 876 sandus
197 845 273 876 mihi
293 845 332 876 de
354 845 402 876 his
424 845 519 876 rebus
539 854 619 875 esses
641 844 729 884 gravi
751 844 890 884 querela,
913 848 944 875 et
965 844 1056 885 longo
1071 854 1213 876 sermone
1234 845 1448 875 criminandus
1469 845 1575 885 quod³

62 903 233 934 amicitiam
246 905 305 934 aut
318 901 509 933 dissolvisses
520 902 530 918 ⁴
550 901 706 942 paenitus,
720 905 777 932 aut
792 905 875 933 certe
896 902 1030 933 officium
1045 902 1077 932 id
1093 902 1175 942 quod
1190 902 1327 942 primum
1342 905 1388 933 est
1402 902 1575 933 amicorum

61 960 238 992 absentium
257 959 456 1000 neglexisses.
473 960 545 990 Esto
561 959 644 990 enim
659 959 819 991 festinatio
834 961 891 990 tua
904 962 962 990 aut
976 959 1154 990 sollicitatio
1175 960 1324 990 comitum
1340 961 1424 999 (cum
1443 959 1577 991 instaret

60 1017 192 1058 periculi
213 1019 314 1048 metus
333 1017 359 1047 si
380 1017 555 1048 incomitati
577 1016 821 1057 egrederemini)
846 1017 997 1057 jussisset,
1019 1027 1058 1047 ne
1080 1027 1129 1047 me
1149 1017 1258 1048 abiens
1278 1017 1466 1048 convenires.
1494 1016 1577 1055 Quid

58 1077 168 1115 postea
181 1084 294 1105 causae
311 1074 395 1111 fecit,
410 1084 481 1105 cum
495 1077 543 1105 tot
556 1084 677 1105 menses
694 1075 761 1114 jam
776 1074 868 1113 absis,
884 1077 920 1104 ut
934 1078 1001 1104 tam
1016 1074 1168 1106 diuturno
1181 1074 1306 1105 silentio
1320 1074 1361 1105 ad
1377 1084 1426 1105 me
1441 1077 1572 1112 taceres,

60 1131 131 1164 vel⁵
153 1142 188 1163 eo
202 1131 338 1163 maxime
359 1131 466 1172 quod6
487 1134 598 1162 extant
619 1131 775 1171 plurimae
796 1132 967 1171 variaeque
982 1131 1032 1162 hic
1046 1132 1167 1169 literae,
1188 1142 1268 1172 quas
1281 1132 1405 1163 interea
1424 1132 1574 1172 temporis

60 1189 101 1221 ad
122 1189 198 1220 alios
227 1189 445 1229 conscripsisti.
474 1189 538 1229 Ego
559 1199 641 1227 vero,
663 1199 734 1219 cum
761 1188 963 1228 prudentiam
992 1189 1261 1229 constantiamque
1290 1192 1378 1220 tuam
1399 1189 1510 1228 norim,
1537 1189 1577 1221 de

60 1257 155 1278 causa
168 1246 297 1287 quidem
317 1246 464 1285 incertus,
478 1245 517 1276 de
533 1246 752 1277 benevolentia
766 1256 838 1277 vero
853 1250 966 1283 certus,
988 1246 1218 1277 accusationem
1232 1246 1314 1277 hanc
1334 1247 1470 1278 remitto.
1485 1245 1575 1284 Quod

59 1314 134 1336 vero
155 1314 193 1335 ex
222 1304 355 1335 aliorum
382 1303 478 1334 didici
498 1303 612 1340 relatu,
637 1303 768 1343 gaudeo,
794 1303 923 1335 rediisse
943 1306 974 1334 te
994 1304 1028 1334 in
1047 1304 1182 1344 gratiam
1210 1314 1280 1334 cum
1308 1314 1392 1344 rege,
1418 1306 1450 1335 et
1469 1303 1572 1335 multo

60 1362 173 1402 majori
193 1361 270 1398 loco,
291 1371 363 1392 cum
383 1361 612 1392 benivolentiae
633 1363 701 1391 tum
721 1361 856 1398 honoris,
877 1361 961 1401 apud
983 1371 1055 1392 eum
1077 1371 1141 1392 esse
1162 1372 1258 1401 quam
1278 1365 1375 1392 antea
1394 1361 1508 1392 fueras
1532 1361 1571 1392 In

61 1429 123 1459 quo
144 1419 256 1456 nescio,
277 1418 336 1450 tibi
356 1429 395 1449 ne
415 1418 514 1458 magis
533 1428 575 1449 an
595 1418 642 1448 illi
661 1418 875 1458 congratulari
895 1421 1046 1458 oporteat.
1069 1418 1161 1455 Nam,
1182 1419 1240 1449 etsi
1261 1429 1411 1459 magnum
1433 1422 1490 1455 est,
1510 1419 1574 1459 opi-

61 1477 154 1508 nione
174 1476 345 1513 hominum,
365 1476 450 1516 apud
471 1485 560 1516 reges
582 1475 717 1516 primum
739 1486 805 1507 esse
826 1479 858 1507 et
877 1479 1003 1516 gratum
1023 1476 1134 1507 haberi
1155 1476 1340 1516 (secundum
1354 1476 1439 1516 quod
1459 1475 1513 1507 ille
1528 1476 1576 1507 ait

62 1534 262 1574 Principibus
277 1533 437 1574 placuisse
456 1534 532 1564 viris
551 1543 612 1564 own
633 1534 747 1565 ultima
768 1533 839 1565 laus
858 1535 917 1573 est)
934 1534 953 1571 ⁷,
981 1533 1191 1565 desiderabile
1205 1534 1215 1550 ³
1243 1534 1386 1565 omnibus
1413 1534 1522 1571 ferme,
1542 1534 1577 1565 in

59 1591 174 1632 patria,
193 1591 276 1622 inter
298 1591 413 1622 amicos
427 1593 460 1622 et
473 1593 575 1628 natos,
595 1590 783 1622 honoratum
805 1591 916 1622 vivere.
939 1591 1066 1622 Homini
1087 1594 1205 1628 tamen,
1223 1592 1279 1631 qui
1298 1593 1401 1622 totum
1422 1591 1577 1623 mundum

59 1659 159 1689 aeque
179 1648 239 1680 sibi
260 1648 398 1688 patriam
419 1648 563 1688 deputat,
584 1648 701 1688 quique
724 1648 883 1687 honorem,
903 1659 966 1679 non
988 1648 1205 1679 familiaritate
1227 1651 1399 1688 potentum,
1420 1651 1478 1680 aut
1492 1648 1578 1689 vulgi

60 1706 226 1747 applausu,
253 1706 308 1737 sed
336 1706 462 1737 virtutis
485 1706 632 1747 propriae
660 1706 782 1744 merito,
810 1706 951 1744 metitur,
978 1705 1055 1746 quid
1076 1706 1182 1746 magni
1201 1706 1323 1737 accedit
1336 1706 1357 1744 ⁹,
1389 1707 1415 1737 si
1434 1707 1467 1737 in
1495 1707 1578 1747 regis

62 1764 198 1805 gratiam
211 1764 261 1796 vel
274 1764 361 1796 venit
375 1764 507 1796 fortasse
521 1763 571 1795 vel
584 1764 677 1801 redit,
691 1764 746 1804 qui
760 1774 818 1795 nec
831 1774 905 1803 rege
925 1763 1046 1804 indiget
1060 1764 1149 1802 bono,
1163 1774 1220 1795 nec
1234 1764 1354 1795 malum
1368 1764 1435 1804 pati
1450 1763 1576 1804 potest?

61 1821 143 1853 Huic
163 1822 246 1853 enim
259 1832 315 1853 rex
329 1825 378 1853 est
398 1822 613 1861 unusquisque
630 1821 678 1852 vir
698 1821 818 1858 bonus;
838 1821 958 1852 malum
979 1824 1095 1859 autem,
1117 1822 1175 1853 etsi
1187 1822 1209 1839 ¹⁰
1229 1822 1411 1853 diademate
1432 1822 1482 1853 vel
1502 1831 1575 1861 pur-

60 1889 142 1920 pura
163 1879 293 1920 sulgeat,
308 1881 340 1910 et
352 1879 471 1919 praesit
491 1879 623 1919 populis,
647 1879 803 1919 urbesque
822 1879 1012 1916 moderetur,
1031 1889 1156 1910 servum
1168 1880 1187 1897 ¹¹
1210 1882 1317 1911 tamen
1329 1880 1351 1896 ¹²
1369 1879 1493 1920 judicat
1509 1889 1576 1911 esse

61 1936 211 1968 vitiorum
225 1937 254 1968 ¹³.
281 1938 325 1968 At
345 1947 417 1968 vero
438 1939 557 1974 contra,
585 1947 641 1968 rex
663 1937 688 1967 si
708 1937 836 1977 quando
863 1940 976 1967 nactus
997 1939 1043 1968 est
1063 1937 1165 1968 virum
1193 1937 1309 1968 bonum
1329 1947 1366 1968 ac
1389 1937 1575 1977 sapientem,

60 1993 118 2034 qui
136 2003 263 2025 monere
282 1993 454 2025 salubriter
480 1994 578 2034 possit
599 1996 630 2025 et
650 1993 788 2025 fideliter
814 1994 891 2025 velit
911 2004 948 2025 ac
968 1994 1108 2025 modeste
1136 1994 1262 2031 audeat,
1282 2003 1333 2025 res
1353 1996 1402 2025 est
1422 1994 1451 2025 ei
1466 1994 1486 2011 ¹⁴
1515 2004 1579 2025 non

60 2051 150 2091 parvi
169 2051 328 2082 momenti.
350 2051 479 2092 Semper
499 2052 583 2083 enim
604 2051 823 2083 adulatoribus
843 2051 919 2082 aula
930 2051 1049 2083 referta
1069 2054 1124 2089 est,
1145 2052 1208 2092 qui,
1224 2051 1273 2083 vel
1294 2051 1441 2091 placendi
1461 2051 1574 2090 studio,

60 2107 111 2140 vel
123 2108 267 2149 rapiendi
282 2109 468 2149 cupiditate,
489 2109 594 2149 pravis
613 2119 723 2149 regum
737 2109 952 2141 voluntatibus
972 2109 1187 2149 obsequantur
1199 2110 1236 2146 ¹⁵;
1247 2127 1286 2131 —
1300 2109 1393 2149 pauci
1413 2109 1468 2149 qui
1486 2112 1576 2140 recta

58 2166 234 2206 perspicere
245 2166 267 2183 ¹⁵
287 2166 386 2198 velint
399 2177 406 2204 ;
422 2185 460 2189 —-
473 2167 525 2198 vix
539 2167 623 2198 ullus
638 2166 693 2207 qui
707 2166 922 2198 contradicere
935 2166 1063 2204 audeat,
1077 2167 1113 2204 si,
1126 2166 1175 2198 vel
1191 2166 1352 2206 paulisper
1364 2167 1394 2204 ¹⁷,
1414 2166 1575 2198 adversari

73 2309 82 2326 ¹
101 2308 189 2336 Senza
207 2308 274 2336 data
292 2308 368 2336 nella
386 2308 418 2336 II
438 2308 482 2337 ΒΥ.
839 2311 861 2328 ¹⁰
881 2311 925 2340 ΒΥ.
945 2311 977 2338 ΙΙ
995 2311 1039 2338 vel
1055 2311 1082 2338 si
1100 2318 1149 2345 per
1167 2310 1219 2338 etsi

74 2353 85 2370 ²
104 2352 159 2381 ΡΡ.
178 2353 247 2387 quia
837 2356 855 2372 ¹¹
878 2355 932 2383 ΡΡ.
951 2363 1050 2383 serum

70 2397 82 2414 ⁸
101 2396 156 2425 ΡΡ.
176 2397 246 2431 quia
835 2401 856 2417 ¹²
875 2399 953 2428 Ram.
973 2401 1069 2427 autem
1088 2407 1137 2434 per
1156 2400 1252 2428 tamen

68 2441 79 2458 ⁴
97 2440 152 2469 ΡΡ.
171 2441 335 2469 dissolvisse
833 2445 855 2462 ¹³
874 2443 930 2472 ΡΡ.
950 2443 1081 2471 virorum

68 2486 80 2503 ⁵
103 2484 154 2513 Vel
171 2493 222 2520 per
239 2494 304 2514 cum
316 2486 425 2521 primis
831 2489 852 2505 ¹⁴
871 2487 925 2515 Nei
947 2488 1035 2516 codici
1059 2488 1112 2523 iis;
1138 2488 1183 2515 nel
1202 2488 1248 2516 Br.
1268 2487 1301 2515 11
1320 2487 1357 2523 ijs
1375 2489 1398 2517 e‘
1418 2496 1476 2516 non
1503 2487 1581 2516 forsa

67 2530 79 2548 ⁶
98 2529 154 2558 ΡΡ.
174 2530 243 2564 quia
868 2533 971 2568 ipsisce

69 2574 80 2591 ⁷
99 2572 177 2602 OraZ.
198 2574 249 2609 Ep.
268 2574 292 2611 Ι,
312 2575 354 2611 17,
372 2575 414 2604 35.
833 2578 855 2595 ¹⁵
873 2577 950 2606 Ram.
970 2577 1191 2612 obsequerentur

71 2618 82 2636 ⁸
99 2618 156 2646 ΡΡ.
174 2618 217 2646 Et
232 2618 418 2648 desiderabile
834 2623 856 2640 ¹⁶
875 2621 930 2650 ΡΡ.
944 2623 1111 2657 prospicere

68 2663 80 2680 ⁹
99 2662 144 2691 Br.
163 2662 195 2690 H
213 2663 318 2691 accidit
832 2667 854 2684 ¹⁷
873 2666 926 2694 Nei
945 2665 1033 2695 codici
1051 2667 1224 2701 quantisper

1454 2719 1491 2747 20
