1845 3076
747 188 883 212 Erisrors
1526 182 1561 212 91

754 341 892 373 LXVIII.

438 432 590 465 JOANNI
611 433 857 465 BONONIENSI
879 434 908 465 S.
929 434 967 464 D.
988 433 1196 466 VENETIAS.

561 516 687 546 PADUAE,
708 516 758 539 xiv
779 516 846 539 KAL.
866 517 951 546 Jumi,
975 509 1050 539 1395
1067 509 1085 539 ¹.

281 583 392 619 (Bnp.
412 584 430 610 -1
449 591 462 610 c
482 582 541 616 76;
562 598 592 601 —
617 582 668 610 Gr.
687 592 709 611 c.
729 584 786 610 129
801 585 838 616 t.,·
860 600 889 602 —
911 583 981 611 PM.
1000 592 1021 611 c.
1041 584 1098 617 61;
1119 600 1149 603 —
1171 585 1232 612 ΡΡ.
1253 594 1280 612 n.
1300 586 1360 621 37).

147 671 296 710 Magister
316 671 464 712 Aloysius
485 674 589 703 noster
610 671 666 702 abs
688 673 719 702 te
740 670 816 701 mihi
837 670 945 702 literas
966 671 1111 709 reddidit,
1143 682 1221 711 quas
1242 672 1288 703 illi
1303 673 1314 690 ‘²
1339 673 1476 705 Venetiis
1489 675 1499 692 ³
1521 674 1570 705 (le-

68 728 168 759 deraS.
185 728 326 768 Utraque
341 728 410 759 res⁴
432 739 564 768 magnae
584 729 660 759 mihi
683 728 837 767 voluptati
858 728 927 765 fuit,
941 747 979 750 —
993 731 1025 759 et
1046 729 1179 759 amicum
1200 729 1298 766 illum,
1320 730 1418 761 virum
1441 731 1567 771 quidem

67 785 231 825 optimum,
252 785 355 816 videre
369 785 388 824 ⁵,
410 804 447 807 —
469 789 500 816 et
522 785 630 817 literas
657 788 727 816 tuas
747 785 859 825 legere,
882 785 1006 825 quando
1025 788 1057 816 te
1077 786 1181 817 videre
1210 796 1270 817 non
1293 797 1423 826 possum.
1457 788 1489 818 In
1510 799 1571 828 quo

69 852 131 873 non
152 844 199 873 est
213 844 277 873 tam
299 845 335 873 ut
347 844 383 872 tu
403 844 434 872 te
456 852 579 873 accuses
593 843 614 879 ὁ,
636 843 720 882 quod
740 852 801 872 non
824 842 944 872 veneris
964 842 1034 878 huc,
1055 853 1148 882 quam
1165 846 1200 873 ut
1216 843 1372 874 fortunam
1397 855 1497 876 meam
1513 856 1568 885 ego

69 908 220 936 accusem,
242 899 295 938 qui
315 899 363 930 bis
384 899 424 930 ad
444 901 476 929 te
489 898 637 931 Venetias
658 899 791 937 veniens,
813 899 859 930 bis
881 899 1002 930 frustra
1022 900 1100 930 veni.
1123 899 1249 940 Semper
1270 901 1353 931 enim
1368 902 1474 941 paucis
1496 906 1569 933 aute

67 955 178 987 diebus
197 956 329 994 abieras,
351 966 444 996 quam
458 957 468 973 ⁷
489 966 544 996 ego
566 956 711 987 venirem.
733 956 792 987 Sed
813 959 844 987 et
860 957 870 973 ⁸
890 966 974 987 nunc
995 967 1117 996 quoque
1139 957 1240 988 iturus
1261 958 1301 989 ad
1323 961 1353 989 te
1376 969 1471 995 eram,
1488 960 1544 989 nisi
1560 961 1571 973 η

68 1013 241 1045 timuissem
261 1013 391 1044 similem
412 1024 461 1044 me
482 1014 640 1044 fortunam
660 1013 837 1044 subiturum
854 1014 884 1044 ¹⁰.
907 1014 1141 1053 Ourasseanue,
1164 1018 1199 1045 ut
1221 1015 1252 1045 id
1273 1025 1292 1046 a
1306 1017 1337 1046 te
1357 1025 1503 1055 praesens
1523 1026 1571 1047 ex—

68 1074 256 1113 torquerem,
278 1071 359 1110 quod
381 1081 472 1110 saepe
493 1081 549 1110 per
569 1071 676 1102 literas
690 1071 776 1110 petii,
797 1071 941 1110 quodque
964 1074 998 1102 tu
1014 1071 1111 1102 literis
1128 1073 1146 1088 ¹¹
1170 1072 1345 1111 promisisti,
1366 1073 1398 1103 id
1418 1074 1535 1105 scilicet
1551 1075 1572 1091 ¹²

69 1131 104 1159 ut
125 1128 186 1159 huc
206 1128 334 1159 venires.
358 1127 438 1159 Nam
459 1128 595 1159 libenter
615 1128 782 1159 admodum
804 1131 835 1158 te
856 1128 905 1158 hic
925 1128 1113 1165 vidissemus,
1142 1139 1203 1159 non
1225 1130 1350 1169 quidem
1372 1131 1487 1170 raptim
1508 1132 1573 1163 abi-

68 1188 186 1222 turum,
208 1188 245 1216 ut
266 1185 405 1216 facturus
425 1185 500 1216 mihi
521 1186 677 1222 videbare,
697 1185 751 1216 sed
773 1196 865 1225 quem
881 1186 901 1202 ¹³
923 1186 1046 1223 morari,
1067 1187 1237 1223 convivere,
1260 1190 1291 1218 et
1304 1188 1473 1219 amicorum
1496 1189 1572 1219 desi-

67 1242 172 1279 deriis,
203 1242 314 1274 saltem
335 1242 376 1273 ad
398 1243 538 1280 biduum,
568 1243 747 1273 satisfacere
768 1253 825 1282 par
846 1246 922 1273 erat.
955 1243 1035 1280 Quid
1055 1243 1137 1274 enim
1154 1244 1172 1260 ¹⁴
1206 1244 1449 1276 invaletudinem
1470 1247 1569 1277 cruris

68 1300 250 1330 excusas2¹⁵
281 1299 391 1331 Curari
418 1300 450 1330 id
479 1299 636 1331 commode
665 1302 768 1339 posset
784 1300 814 1337 ¹⁶,
841 1300 865 1329 si
887 1299 990 1337 velles,
1011 1300 1160 1331 adhibitis
1176 1301 1335 1339 jumentis,
1356 1312 1436 1342 quae
1463 1306 1495 1334 te
1515 1313 1570 1343 per

67 1366 220 1388 summam
241 1356 491 1388 commoditatem
508 1367 526 1387 a
540 1359 634 1396 portu
655 1357 810 1388 veherent.
832 1357 897 1396 Ego
912 1359 1018 1387 tamen
1033 1367 1094 1388 non
1114 1367 1182 1388 sum
1199 1359 1252 1398 qui
1265 1359 1367 1396 velim,
1389 1359 1462 1390 dum
1477 1360 1535 1391 sim
1549 1361 1569 1380 ¹⁷

69 1413 146 1444 mihi
164 1414 344 1445 incomodus
361 1414 381 1431 ¹⁸
401 1414 460 1445 tibi
481 1424 553 1445 esse.
575 1413 662 1444 Nihil
684 1414 766 1444 enim
787 1414 942 1445 delectare
970 1424 1019 1445 me
1040 1417 1142 1454 potest
1156 1416 1186 1453 ¹⁹,
1208 1416 1290 1455 quod
1310 1416 1369 1447 tibi
1397 1427 1489 1457 aegre
1519 1418 1568 1449 vel

66 1471 229 1502 minimum
250 1474 329 1502 esset
343 1472 375 1502 ²⁰.
395 1471 455 1502 Per
476 1471 596 1511 aliquot
616 1471 680 1502 dies
694 1471 715 1488 ²¹
736 1474 849 1502 neutra
871 1471 1026 1511 quaedam
1043 1472 1065 1488 Ὦ
1085 1472 1232 1503 valetudo
1253 1484 1364 1513 parum
1386 1485 1435 1505 me
1455 1484 1569 1506 sanum

68 1527 187 1559 habuit.
208 1527 278 1559 Non
299 1527 424 1567 quidem
446 1530 482 1559 ut
502 1528 729 1565 decumberem,
748 1528 801 1558 sed
823 1531 859 1558 ut
879 1538 975 1559 essem
996 1532 1028 1559 et
1049 1529 1124 1559 mihi
1139 1532 1171 1559 et
1191 1531 1323 1561 caeteris
1343 1531 1456 1571 gravis.
1478 1531 1570 1563 Illam

68 1596 123 1626 ego
143 1585 248 1616 inedia
261 1586 283 1603 ‘²³
304 1585 475 1624 perdomui,
506 1595 568 1625 quo
593 1595 714 1624 semper
733 1585 765 1615 in
788 1596 835 1615 me
858 1596 930 1616 usus
952 1595 1019 1616 sum
1041 1586 1200 1625 potissimo
1232 1587 1467 1620 medicamento.
1497 1590 1570 1621 Jam

65 1643 173 1683 itaque
192 1642 324 1673 validior
343 1652 420 1678 sum,
442 1642 482 1673 ad
503 1642 636 1682 priorem
658 1652 756 1682 paene
778 1642 957 1681 sospitatem
978 1642 1124 1674 redactus
1139 1644 1170 1674 Ἠ.
1193 1644 1281 1682 Quod
1304 1645 1342 1676 de
1363 1645 1487 1677 domino
1510 1647 1573 1678 He-

65 1700 172 1731 breu²⁵
191 1710 305 1737 mones,
326 1699 536 1739 superioribus
556 1699 656 1730 literis
672 1699 712 1730 ad
727 1699 759 1729 id
780 1700 933 1739 respondi,
955 1710 1033 1740 quas
1048 1701 1199 1732 Nicolaus
1213 1705 1320 1733 noster
1339 1703 1461 1734 deferre
1482 1704 1523 1735 ad
1538 1708 1569 1735 te

67 1757 185 1788 debuit.
216 1756 274 1788 Sed
296 1757 328 1787 in
349 1757 463 1788 itinere
490 1757 695 1796 praeteritum
722 1757 778 1787 abs
798 1759 829 1788 te
843 1757 866 1773 ²⁶
886 1767 963 1788 reor.
998 1757 1155 1789 Conficere
1183 1759 1261 1789 nihil
1289 1760 1385 1799 potui.
1417 1761 1571 1793 Abierant

67 1814 148 1844 enim
169 1813 307 1850 dudum;
339 1817 471 1853 uterque
494 1814 526 1844 iu
546 1814 694 1844 Picenum
709 1814 731 1830 ²⁷
758 1814 890 1853 profecti
911 1817 993 1845 sunt.
1026 1814 1147 1855 Reliqui
1168 1815 1246 1846 nihil
1267 1816 1376 1848 habeo.
1408 1817 1568 1858 Siquando

69 1881 134 1903 sors
155 1881 205 1902 eos
225 1871 379 1907 retulerit,
401 1881 518 1902 memor
541 1880 592 1901 ero
613 1870 763 1901 mandati.
784 1870 904 1901 Literas
923 1871 1002 1908 illas
1025 1872 1139 1911 quibus
1158 1873 1205 1903 ita
1225 1875 1327 1904 tecum
1350 1874 1469 1906 locutus
1491 1886 1569 1913 sum,

68 1931 104 1959 ut
132 1937 276 1968 praesens
297 1927 387 1964 soleo,
414 1928 439 1958 si
460 1928 681 1958 existimassem
708 1928 741 1958 in
769 1928 928 1967 publicum
950 1929 1136 1968 proditum&
1166 1933 1221 1960 aut
1247 1941 1308 1961 non
1330 1932 1490 1969 misissem,
1512 1936 1572 1963 aut

69 1985 273 2016 excoluissem
305 1985 447 2024 amplius.
480 1984 576 2015 Nulla
608 1985 689 2016 enim
717 1985 821 2015 inerat
851 1985 985 2025 dignitas
1014 1986 1157 2025 orationi,
1189 1988 1277 2018 nulla
1299 1989 1444 2028 gravitas,
1466 1990 1572 2020 nullus

78 2097 86 2113 ¹
107 2095 175 2124 Reff.
195 2097 287 2131 1195,
316 2097 360 2124 Br.
381 2104 444 2131 pag.
463 2095 513 2123 76:
553 2095 594 2123 ΓΙ
610 2104 701 2124 nonas
720 2104 799 2123 mar-
836 2097 856 2113 ¹⁴
877 2096 920 2123 ΒΓ.
941 2096 1001 2124 ΡΜ.
1022 2097 1066 2124 Gr.
1093 2096 1174 2132 Quod
1192 2099 1268 2125 enim

101 2140 157 2168 tias
174 2140 250 2168 1396
834 2141 855 2158 ¹⁵
876 2140 928 2168 ΡΡ.
948 2140 979 2167 in
1000 2141 1189 2169 valetudinem
1208 2143 1286 2170 euris

75 2186 85 2202 ²
105 2185 151 2212 Gr.
169 2184 219 2212 ille
836 2186 856 2202 ¹⁶
875 2185 920 2213 ΒΓ.
940 2193 965 2219 p.
985 2185 1019 2212 76
1037 2187 1181 2214 commodo
1195 2196 1294 2221 posses

76 2230 87 2247 ³
106 2229 160 2257 ΡΡ.
186 2229 315 2256 Venerius
839 2231 860 2247 ¹⁷
879 2230 922 2257 ΒΥ.
944 2238 968 2264 p.
989 2230 1022 2258 76
1041 2230 1087 2258 Gr.
1107 2239 1170 2258 sum

76 2275 86 2291 ⁴
106 2273 152 2302 Gr.
171 2281 253 2301 senza
270 2281 316 2300 res
837 2274 858 2290 ¹⁸
878 2274 932 2300 ΡΡ.
953 2274 1160 2302 inem-mnodum

75 2320 86 2336 ⁵
106 2319 150 2346 ΒΓ.
169 2325 196 2352 p.
213 2317 247 2344 76
267 2316 312 2344 Gr.
332 2317 425 2345 videre
444 2318 470 2344 te
837 2318 858 2335 ¹⁹
876 2318 927 2345 Nei
948 2318 1033 2345 codici
1046 2327 1140 2352 posse,
1155 2328 1277 2354 possem,
1290 2329 1419 2356 possum,
1431 2326 1516 2358 poles

75 2364 86 2380 ⁶
104 2363 149 2390 Br.
168 2370 194 2396 p.
214 2361 255 2389 76.
275 2369 288 2389 e
307 2361 353 2388 Gr.
373 2363 405 2388 ut
424 2363 448 2389 te
466 2368 579 2389 emensos
833 2362 855 2379 ²⁰
873 2361 968 2397 Aeyre
986 2370 1052 2395 esse,
1072 2362 1221 2397 dispiacere

76 2408 87 2424 ⁷
106 2407 183 2440 Dopo
202 2404 324 2434 avverbii
343 2405 371 2432 di
390 2405 479 2440 tempo
499 2404 523 2432 si
542 2414 593 2433 usa
612 2405 631 2433 il
651 2414 738 2440 quam
835 2406 855 2423 ‘⁴²¹
877 2405 922 2433 Gr.
942 2406 1070 2442 aliqnos3
1090 2407 1134 2434 ΒΓ.
1155 2415 1180 2442 p.
1200 2407 1233 2435 76
1253 2408 1311 2436 dies

77 2452 88 2468 8
105 2450 160 2477 ΡΡ.
179 2451 212 2477 ut
836 2451 858 2467 Ὦ
878 2450 1019 2484 quaedam

76 2496 87 2513 ⁹
105 2495 150 2522 ΒΓ.
169 2502 195 2529 p.
216 2494 249 2521 76
267 2493 314 2521 ubi
835 2495 858 2511 ‘²3
877 2494 937 2522 PM.
957 2494 1039 2521 ἰΙΙιιιη
1057 2504 1106 2530 eqo
1126 2495 1250 2523 inediam

65 2539 87 2556 ¹⁰
105 2538 160 2566 ΡΡ.
179 2538 354 2572 subituram;
376 2538 421 2565 Gr.
440 2537 621 2566 subditurum
834 2539 856 2555 ²⁴
875 2537 921 2566 Gr.
940 2539 1076 2567 reductus

66 2584 86 2600 ¹¹
106 2583 152 2611 Gr.
172 2584 203 2610 tu
221 2590 303 2617 saepe
322 2582 378 2609 tuis
835 2583 857 2600 ‘2⁵
876 2583 922 2610 ΒΓ.
940 2590 966 2617 p.
987 2583 1020 2610 76
1038 2583 1125 2611 lascia
1144 2583 1173 2611 in
1192 2583 1290 2613 bianco
1309 2585 1329 2613 il
1348 2594 1427 2616 nomo

66 2628 88 2646 ¹²
106 2627 153 2655 Br.
170 2635 197 2662 p.
215 2626 255 2654 76.
277 2626 323 2654 Gr.
341 2626 440 2654 saltem
835 2627 858 2643 ‘³⁶
877 2627 931 2654 ΡΡ.
951 2627 986 2654 ab
1006 2629 1031 2654 te

67 2672 89 2689 ¹³
106 2672 152 2699 Br.
171 2678 196 2705 p.
216 2670 258 2699 76.
276 2670 330 2697 ΡΡ.
349 2678 438 2705 quam
835 2671 857 2689 ²⁷
876 2671 922 2699 ΒΓ.
941 2678 968 2706 p.
987 2671 1021 2699 76
1040 2671 1148 2699 dudum
1168 2671 1198 2700 in
1217 2672 1358 2703 Picenum
