1845 3076
249 136 307 166 126
878 141 903 164 P.
925 142 952 164 P.
973 141 1122 164 1611661110

252 229 309 259 51111
326 229 343 258 ¹.
366 228 429 268 Ego
450 237 522 258 vero
544 227 576 257 in
598 226 687 257 nulla
707 235 742 256 re
769 225 859 265 argui
885 235 935 256 me
960 225 1076 263 malim,
1097 235 1197 266 neque
1221 227 1254 257 in
1275 226 1342 257 ulla
1366 236 1400 258 re
1421 227 1523 258 minus
1543 228 1633 268 argui
1655 231 1748 260 vero’

249 295 373 325 possum
404 284 594 324 (5161111161113
616 283 736 323 gratiae
756 282 858 319 rebus,
888 292 951 313 non
983 283 1086 314 animo
1108 283 1328 314 existimantur
1343 284 1367 323 ⁴)
1396 293 1492 323 quam
1516 284 1599 324 quod
1623 285 1753 317 nimium

251 344 360 382 gratus
379 342 445 372 sim.
469 340 558 379 Quod
578 340 713 380 quidem,
737 340 763 370 si
784 340 853 379 quis
875 349 941 371 esse
961 339 1091 370 nimium
1115 340 1216 371 verbis
1241 343 1349 380 gratus
1373 343 1484 380 potest,
1511 343 1542 372 et
1566 341 1702 373 libenter
1723 346 1756 374 et

252 398 343 430 facile
359 408 434 429 sum.
457 398 516 429 Sed
531 408 592 429 non
606 398 659 434 ita,
673 407 749 437 pace
763 399 828 433 tua,
842 396 983 433 dixerim,
998 397 1116 436 opinor.
1139 396 1227 435 Quod
1242 397 1324 428 enim
1344 397 1392 428 1115
1412 398 1523 435 verbis,
1546 408 1626 438 quae
1641 399 1756 430 litteris

250 456 327 486 meis
340 456 549 491 continentur,
571 454 800 494 quantamlibet
809 454 830 491 ⁵,
853 456 889 484 ut
903 454 957 490 ais,
973 454 1212 493 amplitudinem
1235 454 1434 485 liberalitatis
1450 465 1551 486 emere
1575 456 1754 495 potuissem,

252 523 397 552 magnam
418 511 512 543 rebus
533 511 609 542 meis
629 511 778 541 invidiam
800 510 909 547 fecisti,
932 510 985 550 qui
1005 520 1127 550 possum
1148 510 1288 541 laevibus
1308 511 1387 541 sonis
1410 511 1442 541 id
1467 511 1586 543 efficere
1605 513 1688 552 quod
1702 512 1757 544 alii

252 579 309 609 per
322 579 443 600 summa
458 569 608 608 pericula,
624 578 728 599 omnes
743 568 875 605 labores,
890 570 1138 608 perpetuamque
1154 568 1393 599 sollicitudinem
1406 568 1457 599 vix
1471 569 1598 599 tandem
1612 570 1757 609 consequi

253 629 392 666 possunt.
414 626 493 656 Mihi
507 626 517 642 ⁰
543 626 624 656 enim
639 626 684 656 ita
697 625 830 662 videtur,
846 625 958 665 exigua
980 635 1043 656 esse
1060 625 1221 662 beneficia,
1243 635 1323 665 quae
1338 625 1439 656 verbis
1454 626 1578 665 pensari
1599 629 1727 666 possunt
1737 627 1758 665 ⁷,

252 686 284 714 et
305 684 380 714 item
402 683 627 723 praeelegans⁸
649 683 796 714 orationis
817 692 914 722 genus
935 683 1042 722 (quale
1063 682 1169 722 procul
1185 692 1204 713 a
1218 692 1267 713 me
1289 682 1391 721 abest)
1413 683 1497 722 quod
1519 683 1631 714 merita
1651 693 1758 714 rerum

253 751 390 781 aequare
410 741 522 772 valeat.
546 739 665 778 Quibus
680 740 772 777 enim,
796 750 854 779 per
880 739 979 770 Deum
1003 739 1220 776 immortalem,
1240 739 1344 776 rebus,
1365 749 1403 770 ne
1426 739 1527 770 (licam
1548 740 1658 777 1611115,
1681 740 1758 771 satis

253 808 394 838 unquam
416 798 517 828 facere
532 797 630 828 tantis
646 796 803 828 beneficiis
823 799 941 836 potero,
963 796 1075 836 quibus
1092 807 1137 834 ea,
1159 806 1241 836 quae
1262 806 1382 827 summa
1397 797 1491 827 sunt9
1511 797 1542 827 in
1562 797 1668 834 111610,
1683 807 1760 828 com-

254 855 411 895 prehensa
425 854 506 886 sint?
527 855 573 885 De
589 855 662 892 1116,
677 854 716 885 de
729 854 840 891 salute,
854 854 892 884 de
904 853 1078 884 eruditione
1092 853 1138 883 illi
1153 856 1269 890 teneor,
1292 853 1414 893 quibus,
1430 853 1483 884 ille
1496 854 1555 884 nisi
1577 864 1724 894 praesens
1737 854 1757 871 11

253 922 310 943 sua
326 912 517 943 liberalitate
532 912 692 948 astitisset,
713 913 768 941 aut
789 911 913 942 omnino
933 910 1090 941 cariturus
1115 913 1171 941 aut
1192 910 1327 950 maligne
1343 911 1364 927 ¹2
1385 910 1551 942 habiturus
1574 911 1651 941 mihi
1677 911 1759 942 vide-

254 969 320 1001 bar.
343 969 516 1000 Potuissem
537 969 619 1000 domi
640 978 728 999 meae
742 968 855 1004 vivere,
868 967 998 998 honesto
1012 967 1078 998 loeo
1093 970 1196 1005 1161115,
1209 967 1263 998 sed
1280 968 1391 1007 exigua
1406 968 1541 1005 fortuna,
1554 970 1758 1008 posteaquam

253 1027 407 1058 bellorum
423 1027 467 1057 vis
482 1036 554 1065 opes
568 1025 708 1063 abstulit,
725 1025 751 1057 si
769 1025 871 1056 vivere
894 1025 925 1055 id
946 1026 991 1056 est
1012 1035 1118 1055 carere
1134 1025 1218 1055 omni
1232 1024 1416 1062 eruditione,
1436 1025 1538 1055 nullas
1559 1025 1658 1056 bonas
1673 1028 1757 1057 artes

253 1084 375 1121 sectari,
397 1084 450 1114 sed
472 1086 527 1114 aut
550 1083 732 1123 voluptuoso
753 1083 818 1114 ocio
838 1084 894 1113 aut
914 1082 1019 1112 inutili
1031 1082 1214 1113 damnosove
1229 1082 1331 1112 studio
1346 1082 1424 1113 dari.
1447 1081 1547 1120 Quam
1562 1092 1626 1123 ego,
1641 1101 1679 1105 —
1694 1093 1759 1114 coe-

253 1141 333 1177 lesti,
354 1144 391 1171 ut
411 1141 530 1180 opinor,
551 1150 690 1177 munere,
705 1158 743 1162 —
758 1140 853 1170 1116111
874 1139 1005 1179 fugiens,
1029 1149 1109 1178 quae
1130 1149 1202 1170 vere
1224 1149 1306 1170 mors
1328 1143 1384 1176 est,
1405 1139 1624 1171 adhortatione
1648 1149 1759 1180 paren-

252 1202 320 1229 tum
335 1198 488 1229 adductus
504 1208 581 1234 sum,
596 1199 632 1228 ut
646 1207 695 1228 me
710 1196 823 1228 litteris
838 1196 955 1231 darem,
971 1195 1159 1236 mallemque
1179 1197 1211 1226 in
1226 1196 1318 1228 exilio
1332 1197 1516 1228 laboriosius
1530 1197 1643 1234 vivere,
1663 1207 1759 1237 quam

254 1256 287 1286 in
302 1255 406 1295 patria
421 1265 490 1286 mea
504 1255 618 1285 otiosus
632 1256 688 1285 aut
702 1254 784 1285 male
799 1256 938 1284 moratus
953 1255 1104 1293 perpetuo
1120 1254 1205 1284 mori.
1221 1254 1257 1284 ln
1273 1254 1377 1285 studia
1389 1254 1497 1294 itaque
1517 1254 1697 1286 litterarum
1711 1254 1761 1285 de-

253 1312 375 1351 ductus,
397 1312 451 1343 ubi
473 1312 538 1343 sine
559 1312 669 1352 opibus
691 1311 783 1348 male,
804 1321 874 1342 cum
896 1311 1005 1350 opibus
1019 1312 1070 1341 Vix
1086 1311 1174 1348 bene,
1190 1313 1226 1342 ut
1242 1312 1282 1342 ad
1296 1311 1381 1351 vulgi
1400 1321 1574 1343 sermonem
1589 1312 1685 1343 verba
1697 1312 1759 1343 ista

254 1370 458 1406 accomodem,
480 1370 604 1406 vivitur,
625 1372 661 1400 ut
680 1379 738 1399 nec
758 1369 904 1408 incipere,
927 1369 970 1399 sic
985 1368 1006 1385 ¹³
1027 1378 1084 1399 nec
1104 1378 1303 1408 perseverare
1323 1369 1501 1408 potuissem,
1523 1369 1581 1399 nisi
1603 1369 1656 1400 ille
1681 1369 1759 1400 mihi

255 1437 345 1467 opem
359 1437 458 1464 suam,
474 1437 569 1466 quam
583 1425 755 1466 postulanti
769 1436 940 1466 numquam
954 1426 1088 1465 negavit,
1110 1425 1205 1456 etiam
1220 1436 1282 1456 non
1304 1425 1477 1465 postulanti
1498 1426 1623 1457 abunde
1638 1436 1760 1466 semper

254 1484 468 1524 praestitisset.
490 1484 543 1514 Sui
567 1483 665 1524 igitur
679 1483 816 1514 muneris
831 1485 877 1514 est
892 1483 975 1522 quod
989 1483 1035 1514 ita
1047 1482 1115 1513 1110
1136 1485 1233 1522 atque
1254 1483 1279 1512 is
1299 1492 1377 1520 sum,
1393 1483 1481 1523 cujus
1497 1493 1600 1523 neque
1616 1494 1687 1514 cum
1706 1494 1761 1523 pu-

254 1541 338 1578 deat,
360 1552 461 1581 neque
483 1551 533 1571 me
553 1542 768 1580 susceptorum
782 1540 925 1571 laborum
939 1540 1105 1579 poeniteat.
1128 1539 1208 1579 Ergo
1234 1550 1289 1579 ego
1312 1550 1352 1571 ne
1374 1540 1419 1571 illi
1445 1540 1613 1572 verborum
1634 1541 1760 1581 gratias,

254 1609 331 1639 quas
351 1608 484 1638 possum,
507 1608 602 1638 quam
622 1597 817 1637 plenissimas
838 1597 990 1628 reddam?
1012 1596 1082 1628 Non
1102 1597 1158 1628 diu
1173 1596 1194 1613 ¹⁴
1214 1599 1379 1637 noctuque,
1395 1598 1420 1628 si
1434 1608 1514 1637 quae
1535 1601 1581 1629 est
1597 1607 1634 1629 ea
1657 1598 1763 1638 volup-

254 1658 302 1687 tas
323 1656 369 1686 illi
390 1655 437 1686 vel
459 1655 566 1695 gloria,
589 1654 735 1685 laudibus
756 1654 820 1684 suis
840 1654 980 1694 linguam
1001 1654 1160 1694 implebo?
1181 1653 1248 1685 Hoc
1267 1654 1293 1684 si
1314 1663 1374 1685 non
1395 1658 1539 1695 prestem,
1561 1655 1644 1695 quod
1662 1656 1762 1687 solum

256 1716 303 1744 est
323 1713 384 1744 mei
394 1713 474 1753 juris
488 1714 557 1752 post
570 1712 720 1749 animum,
734 1711 788 1751 qui
802 1714 908 1742 tantas
923 1711 1041 1751 gratias
1056 1711 1170 1742 debere
1195 1721 1226 1743 se
1252 1711 1283 1742 ei
1302 1712 1406 1749 sensit,
1421 1715 1556 1752 quantas
1576 1713 1628 1744 vix
1649 1713 1762 1753 cogita-

253 1771 337 1802 tione
352 1769 516 1810 complecti
531 1771 640 1809 potest,
661 1769 887 1809 ingratissimus
912 1768 1051 1799 omnium
1071 1768 1231 1799 hominum
1253 1769 1361 1800 videar
1381 1779 1503 1800 necesse
1518 1772 1574 1801 est.
1595 1769 1677 1801 Nam
1696 1770 1763 1810 qui-

253 1828 334 1865 dem,
359 1827 383 1857 si
410 1826 488 1867 quid
499 1827 521 1843 15
542 1829 589 1857 651
604 1826 636 1856 in
651 1835 701 1857 me
716 1825 845 1867 dignum
858 1825 961 1863 laude,
985 1825 1018 1856 id
1033 1835 1098 1856 esse
1113 1826 1171 1857 sibi
1185 1826 1359 1865 praemium
1374 1826 1478 1858 debet.
1499 1827 1600 1866 Prope
1616 1827 1637 1844 ¹⁶
1657 1829 1704 1858 est
1725 1829 1762 1858 ut

253 1885 386 1922 dicatur,
408 1884 557 1915 virtutem
570 1884 591 1900 ¹⁷
604 1883 727 1914 511611118
748 1882 980 1923 amplissimam,
995 1893 1058 1922 qua
1073 1883 1209 1923 plurima
1221 1883 1242 1900 ¹⁹
1263 1893 1385 1924 semper
1405 1884 1528 1922 enituit,
1543 1885 1680 1915 muneris
1694 1894 1762 1916 esse

252 1943 319 1974 loco
339 1942 415 1973 mihi
437 1941 579 1973 debuisse
595 1941 625 1971 2⁰.
647 1940 706 1971 Sed
727 1940 848 1981 exigua,
873 1940 1005 1980 inquies,
1030 1950 1128 1980 quum
1152 1940 1244 1972 daret
1268 1941 1346 1972 heac
1374 1942 1487 1979 omnia,
1507 1941 1673 1981 praestitit.
1693 1940 1763 1972 Sint

252 2009 327 2031 sane
343 1999 456 2040 exigua
470 2001 665 2031 caeterorum
680 1998 832 2038 opinione,
844 2007 914 2029 mea
924 2007 996 2029 vero
1011 1997 1167 2029 sententia
1180 1999 1375 2038 permaxima
1385 2001 1468 2030 sunt.
1479 1999 1529 2029 An
1539 2009 1602 2030 non
1612 1998 1769 2031 beneficia,

264 2166 271 2181 ¹
292 2164 347 2192 ΡΡ.
366 2171 437 2191 sum.
1026 2161 1045 2178 ¹¹
1067 2161 1113 2189 Gr.
1133 2168 1146 2188 e
1165 2160 1226 2189 PM.
1246 2160 1290 2188 illi
1310 2161 1368 2189 nisi
1380 2162 1538 2196 praesenti.

261 2210 273 2227 2
292 2208 346 2236 PP.
365 2216 432 2235 ozon.
1027 2206 1048 2223 ¹²
1066 2204 1200 2240 malique,
1218 2207 1416 2236 searsamente.

262 2254 274 2269 3
292 2252 346 2280 ΡΡ.
364 2259 486 2286 possum.
506 2249 654 2285 Siquidem.
1024 2250 1046 2267 1³
1064 2249 1118 2277 ΡΡ.
1139 2249 1262 2284 incipere
1280 2249 1329 2279 sic.

261 2298 271 2314 ⁴
292 2297 337 2325 Gr.
357 2295 542 2324 estimantur:
1025 2294 1046 2311 ¹⁴
1066 2294 1121 2329 Gr.,
1139 2294 1186 2321 Br.
1206 2302 1219 2321 e
1239 2294 1300 2322 PM.
1320 2294 1371 2323 die.

264 2343 275 2359 ⁵
291 2341 346 2368 ΡΡ.
365 2339 581 2375 quantumlibet.
1022 2339 1045 2356 ¹⁵
1063 2338 1109 2366 Gr.
1129 2337 1210 2366 Nam
1228 2338 1305 2374 quod
1322 2340 1347 2367 si
1366 2340 1444 2374 quid.

263 2388 274 2405 ⁶
292 2386 389 2414 Forse:
409 2385 476 2413 mihi
487 2405 562 2413 .....
582 2384 614 2412 ut
632 2383 698 2411 item
709 2405 784 2412 .....
804 2381 877 2410 haud
890 2381 989 2410 merita
1026 2384 1047 2400 ¹⁶
1065 2382 1119 2410 Nei
1138 2382 1223 2410 codici
1243 2383 1341 2411 debeat
1352 2393 1453 2420 prope.

286 2439 377 2458 rernm
395 2437 512 2464 aequare
531 2427 630 2456 valeat.
1026 2428 1047 2444 ¹⁷
1065 2427 1120 2455 ΡΡ.
1139 2427 1260 2455 dicatur.
1284 2427 1431 2459 Virtutem.

263 2476 274 2493 ⁷
294 2476 340 2503 Gr.
353 2475 479 2509 possent.
1027 2472 1048 2489 1⁸
1067 2471 1122 2500 ΡΡ.
1141 2480 1203 2500 sua.

264 2520 275 2537 ⁸
293 2519 371 2546 Prae
391 2517 415 2545 si
434 2526 486 2546 usa
504 2517 591 2545 anche
610 2524 682 2545 come
701 2515 886 2544 accrescitivo.
1028 2517 1050 2533 ¹⁹
1069 2516 1124 2545 ΡΡ.
1135 2516 1308 2551 plurimum.

264 2565 275 2582 ‘³
294 2563 349 2591 ΡΡ.
367 2562 413 2590 sit.
1026 2561 1048 2577 ²⁰
1067 2560 1119 2587 Nei
1139 2560 1223 2588 codici
1243 2561 1390 2590 debuisset.

253 2609 274 2626 ¹⁰
294 2608 339 2636 Gr.
359 2615 372 2635 e
392 2606 454 2635 PM.
473 2607 505 2635 in
523 2606 601 2635 vilia.
