1845 3076
260 157 318 188 128
888 164 914 188 P.
934 164 960 187 P.
982 164 1130 188 vnnenmo

260 249 463 290 ejusdemque
474 248 583 288 optimi
596 248 706 288 patris,
720 250 794 280 sunt
809 248 947 280 adhibes.
966 248 1174 287 Quamobrem
1189 259 1291 289 neque
1307 248 1346 280 de
1360 251 1443 280 sorte
1458 251 1515 281 tua
1528 250 1618 290 queri
1629 251 1648 287 ¹,
1662 260 1766 290 neque

258 305 348 337 illum
363 306 554 346 superiorem
566 305 798 337 benefactorem
812 316 916 337 meum
930 306 1025 337 celari
1039 306 1208 345 opportuit,
1230 306 1493 346 quandoquidem,
1508 317 1605 347 quum
1624 307 1763 339 animum

258 364 359 400 dares,
372 363 476 394 omnia
491 363 685 403 praestitisti.
705 363 752 394 De
766 373 836 403 quo,
851 363 876 394 si
892 373 955 403 qua
973 366 1020 394 est
1035 363 1067 393 in
1082 373 1131 394 me
1145 363 1255 403 gratia,
1276 363 1373 394 animi
1388 363 1442 401 vis,
1463 374 1557 404 quam
1577 374 1641 395 esse
1666 364 1763 396 maxi-

258 431 342 451 mam
363 420 465 458 velim,
486 431 607 461 semper
631 420 690 452 tibi
714 431 850 452 summas
871 421 989 461 gratias
1010 420 1119 452 habeo.
1141 420 1199 451 Sed
1216 422 1255 452 de
1274 431 1311 452 eo
1332 431 1415 452 nunc
1439 421 1589 461 plurimas
1604 422 1622 460 ²,
1645 423 1728 462 quod
1740 423 1762 460 ³,

256 488 354 518 quum
368 477 515 509 laudares
529 479 686 510 orationes
702 488 798 516 meas,
812 478 977 510 ostendisti
988 478 998 494 ⁴
1019 478 1052 508 in
1074 478 1186 518 quibus
1207 479 1300 509 rebus
1314 481 1453 509 erratum
1467 481 1552 510 esset.
1570 479 1605 509 Id
1621 489 1686 520 ego,
1701 490 1764 511 non

257 536 293 565 ut
307 535 423 566 caeteri
438 535 548 573 solent,
569 535 727 566 fastidiose
748 536 862 575 accepi,
877 535 991 575 quibus
1004 535 1050 566 ita
1063 535 1196 572 videtur,
1219 537 1255 566 ut
1276 545 1357 575 quae
1378 535 1439 576 ipsi
1463 536 1599 576 probant
1608 536 1629 575 ⁵,
1654 537 1768 577 impro-

257 591 334 623 bare
354 592 405 623 vix
428 592 615 633 quisquam⁶
631 593 722 631 ausit,
743 603 832 624 nemo
858 592 950 633 digne
965 593 1072 633 possit,
1096 592 1150 624 sed
1171 603 1206 624 eo
1228 593 1331 624 animo
1352 593 1429 633 qui⁷
1448 593 1617 630 crederem,
1638 596 1674 624 ut
1694 604 1766 624 cum

260 659 332 680 vere
347 652 415 680 tuin
430 650 529 681 amice
543 660 562 681 a
575 653 607 681 te
628 650 794 681 diceretur.
817 649 1052 687 Verumtamen,
1069 660 1138 680 cum
1152 650 1233 681 bona
1246 651 1346 687 venia,
1361 660 1455 690 quam
1471 651 1532 682 scio
1543 651 1619 681 mihi
1634 650 1768 682 daturus

257 717 299 744 eS,
322 709 358 738 ut
371 707 405 737 111
419 707 520 738 altera
535 718 568 738 re
584 707 671 748 sequi
683 707 837 748 judicium
851 710 950 744 tuum,
971 707 1018 738 ita
1033 710 1065 738 et
1078 707 1109 737 in
1121 707 1223 738 altera
1236 707 1404 739 defendere
1418 717 1521 738 meum
1536 708 1629 739 volui.
1648 708 1762 748 Atque,

257 766 294 795 ut
308 764 346 795 de
362 765 464 804 priore
478 765 609 796 nimium
624 765 710 802 satis,
731 765 778 796 ita
803 764 841 795 de
867 764 924 795 1100
939 764 1111 804 posteriore
1126 774 1238 804 parum
1252 765 1328 795 mihi
1343 764 1444 796 multa
1458 765 1561 796 dicere
1586 765 1668 796 visus
1686 774 1764 796 sum.

255 821 302 852 Tu
317 821 394 861 vale,
409 824 449 858 et,
463 822 488 852 si
503 821 579 861 quid
593 831 671 859 sum,
686 824 777 852 tuum
792 821 883 853 crede
898 822 917 852 ⁸.

1836 643 1837 646 ,
1843 633 1845 648 1

976 1111 1039 1143 XC.

628 1204 782 1237 JOANNI
803 1204 856 1235 DE
878 1203 1088 1242 RAVENNA,
1111 1204 1278 1243 PIHSICO,
1300 1204 1327 1236 S.
1351 1205 1387 1236 D.

774 1287 886 1316 ROMAE,
907 1288 960 1310 XVI
982 1287 1049 1310 KAL.
1070 1288 1133 1310 JUL.
1157 1280 1242 1310 1406.

349 1357 417 1393 (Br.
431 1365 462 1391 J).
482 1357 541 1389 67‚·
561 1372 594 1375 —
613 1355 689 1389 Reff.
703 1364 734 1390 p.
754 1356 828 1389 111,·
848 1371 880 1374 -—
905 1354 956 1382 Gr.
975 1363 1002 1382 η.
1022 1354 1080 1387 37;
1102 1370 1133 1374 —
1153 1354 1225 1383 PM.
1244 1363 1265 1383 e.
1285 1356 1342 1383 129
1357 1357 1395 1389 t.;
1415 1371 1447 1376 -
1466 1356 1529 1384 PP.
1549 1364 1579 1384 n.
1597 1357 1660 1392 82.)

330 1454 400 1485 Νο11
422 1454 576 1485 oblivione
596 1453 653 1491 tui,
675 1453 763 1493 cujus
784 1452 860 1483 mihi
881 1462 1003 1492 semper
1028 1463 1099 1484 cum
1119 1452 1244 1484 virtutis
1264 1454 1332 1483 tum
1352 1452 1590 1486 benevolentiae
1615 1455 1766 1486 memoria

250 1522 397 1553 praesens
419 1514 473 1548 est,
495 1513 552 1542 aut
574 1511 670 1542 etiam
691 1510 844 1542 oblivione
867 1510 937 1547 mei,
959 1520 1049 1550 quae,
1070 1510 1095 1540 si
1116 1511 1241 1550 quando
1262 1521 1300 1543 ex
1321 1511 1487 1543 insolentia
1512 1512 1617 1543 veniat
1631 1513 1652 1550 ⁰,
1674 1513 1766 1553 longe

251 1570 292 1601 sit
305 1569 523 1606 damnabilior,
545 1569 662 1599 ‘factum
682 1571 731 1600 est
746 1571 782 1599 ut
796 1569 851 1600 diu
870 1579 971 1608 neque
992 1569 1155 1608 epistolam
1176 1580 1280 1609 neque
1300 1569 1449 1600 nuncium
1466 1580 1485 1601 a
1500 1580 1549 1601 me
1569 1570 1688 1602 tuleris.
1703 1570 1765 1602 Sed

252 1627 335 1667 quod
345 1627 365 1644 ¹⁰
380 1627 518 1657 incertus
531 1636 617 1657 eram
629 1626 757 1657 ubinam
772 1626 913 1666 gentium
924 1626 1021 1657 vitam
1036 1636 1151 1666 ageres.
1166 1626 1246 1658 Nam
1261 1629 1427 1667 postquam
1441 1630 1477 1659 tu
1490 1629 1615 1668 (parum
1627 1627 1763 1668 quidem,

251 1690 287 1716 ut
307 1687 383 1715 tunc
404 1694 454 1714 res
474 1686 552 1720 erat,
574 1683 705 1723 probato
724 1683 841 1723 judicio
862 1686 926 1722 tuo,
942 1702 979 1705 —
996 1686 1032 1714 ut
1052 1694 1124 1714 vero
1146 1686 1275 1715 eventus
1296 1684 1410 1723 docuit,
1433 1685 1527 1716 etiam
1550 1685 1682 1716 salutari
1696 1695 1765 1716 con-

250 1742 332 1779 silio)
349 1741 521 1778 discessisti,
542 1741 661 1772 exarsit
681 1740 784 1772 subito
797 1740 995 1780 inopinatum
1014 1741 1143 1778 bellum,
1164 1743 1196 1772 et
1212 1741 1306 1781 quale
1327 1742 1410 1773 inter
1430 1741 1578 1773 finitimos
1598 1742 1684 1781 solet,
1700 1742 1764 1774 sive

251 1809 289 1830 ex
309 1799 407 1830 veteri
427 1799 506 1837 odio,
535 1799 598 1829 sive
620 1808 658 1829 ex
679 1798 764 1829 novis
786 1798 887 1830 causis
913 1798 1110 1830 acerrimum.
1139 1798 1252 1838 Itaque
1274 1799 1352 1830 nihil
1373 1809 1409 1831 eo
1429 1801 1570 1840 tempore
1590 1800 1700 1831 audire
1720 1799 1760 1831 de

249 1859 281 1888 te
297 1857 395 1893 licuit,
410 1867 507 1896 quum
521 1866 593 1887 vere
604 1856 624 1873 ¹¹
640 1859 671 1886 et
684 1855 750 1895 ipse
766 1855 817 1886 vix
832 1866 870 1886 ex
884 1866 919 1887 eo
932 1855 1098 1895 naufragio
1119 1856 1281 1894 evaserim,
1299 1856 1383 1897 quod
1404 1857 1566 1888 imminere
1583 1857 1764 1897 propediem

249 1914 424 1951 videbatur,
446 1914 678 1945 dehiscentibus
695 1914 762 1954 jam
777 1913 862 1944 rimis
874 1914 904 1951 ¹²,
920 1916 952 1945 et
969 1914 1036 1954 jam
1053 1914 1120 1954 jam
1132 1914 1154 1931 ¹³
1174 1914 1266 1945 undis
1286 1914 1500 1946 subeuntibus.
1519 1915 1661 1946 Incertus
1677 1925 1763 1946 eram

248 1972 448 2003 nihilominus
469 1972 523 2003 ubi
545 1971 712 2003 resedisses
728 1971 758 2008 ¹⁴¹,
787 1973 844 2002 aut
863 1981 924 2011 quo
945 1971 1067 2003 interea
1094 1971 1233 2003 locorum
1261 1972 1445 2010 divertisses,
1466 1975 1541 2004 tuae
1562 1982 1681 2004 memor
1700 1973 1760 2004 for-

247 2032 355 2066 tunae,
385 2040 467 2070 quae
489 2032 520 2060 te
547 2029 650 2067 toties,
682 2030 719 2060 ut
745 2029 934 2062 referentem
964 2029 1073 2060 crebro
1099 2029 1252 2060 audivisse
1280 2030 1417 2066 memini,
1444 2030 1601 2061 domicilia
1627 2032 1762 2068 mutare,

248 2087 425 2126 electasque
445 2087 529 2118 vitae
550 2086 638 2118 sedes
659 2085 810 2123 deserere,
833 2088 928 2126 atque
949 2086 1121 2117 identidem
1134 2086 1155 2103 ¹⁵
1175 2089 1318 2126 repetere
1340 2087 1478 2118 desertas
1498 2087 1651 2127 adegisset
1664 2087 1694 2118 ¹⁶.
1715 2087 1762 2119 Ea

247 2144 345 2185 igitur
365 2144 403 2175 de
426 2146 458 2175 te
474 2144 503 2181 ¹⁷,
533 2146 569 2175 ut
588 2143 768 2184 diligentior
789 2153 896 2181 essem,
917 2144 1087 2184 inquirere,
1108 2146 1140 2175 et
1160 2144 1235 2184 ipse,
1256 2154 1326 2176 mea
1347 2144 1479 2176 adversa
1498 2146 1582 2176 sorte
1603 2145 1762 2183 turbatus,

256 2289 264 2305 ¹
286 2288 331 2315 Gr.
352 2296 365 2312 ο
385 2287 445 2315 PM.
465 2287 574 2322 quaeri.
1025 2287 1047 2304 ¹⁰
1067 2286 1120 2315 PP.
1140 2285 1210 2321 quia

255 2333 266 2350 2
285 2331 345 2359 scil.
360 2332 472 2367 (untias
490 2331 581 2360 habes.
1025 2331 1043 2349 Η
1065 2329 1118 2358 Nei
1136 2329 1223 2358 codici
1241 2338 1306 2359 vero

256 2377 266 2394 ³
286 2376 341 2403 PP.
360 2376 438 2409 qmtd.
1024 2375 1046 2393 ¹⁸2
1065 2375 1126 2403 PM.
1155 2375 1237 2403 nota:
1269 2386 1281 2399 «
1306 2375 1392 2403 remis
1418 2375 1502 2403 habet
1529 2375 1602 2404 alius
1630 2375 1711 2404 codex
1734 2375 1764 2403 et

255 2422 266 2438 ⁴
285 2420 338 2448 PP.
360 2428 437 2448 meas
456 2420 609 2448 ostendisti.
1058 2419 1126 2446 bene
1139 2431 1151 2443 »

254 2466 265 2482 ⁵
285 2465 339 2493 PP.
365 2465 490 2492 nebunt.
1024 2464 1045 2482 ¹3
1065 2464 1110 2491 Gr.
1132 2464 1176 2491 Br.
1197 2463 1256 2492 PM.
1269 2463 1335 2498 fam
1353 2464 1413 2493 *am
1434 2472 1469 2492 ue

215 2508 220 2514 “
253 2511 264 2527 ⁶
284 2510 339 2536 PP.
352 2473 391 2536 {sd
410 2509 475 2537 altri
494 2510 621 2545 quisque.
1024 2508 1045 2526 ¹¹³
1064 2508 1118 2536 PP.
1138 2474 1288 2536 recedisseg
1347 2474 1362 2499 J
1415 2472 1432 2500 q

254 2555 264 2571 ⁷
285 2554 338 2581 PP.
359 2555 436 2588 (luia,
1023 2553 1044 2571 ⁴²³
1064 2552 1127 2579 Cosi
1148 2552 1230 2587 Ruit,
1250 2552 1290 2588 gli
1309 2553 1375 2581 altri
1394 2553 1425 2581 in
1443 2553 1596 2582 identidem

253 2599 264 2615 8
285 2598 347 2625 Cosi
368 2600 413 2626 Gr.
434 2598 508 2626 Altri
528 2598 619 2627 redde.
1023 2597 1045 2616 ¹ss
1065 2597 1111 2625 Gr.
1130 2597 1256 2631 admisse

253 2644 264 2661 ⁹
283 2642 337 2671 PP.
358 2643 434 2671 venit
1022 2642 1042 2660 ¹⁷
1062 2642 1117 2670 PF.
1137 2642 1170 2670 cle
1188 2650 1219 2670 re
