1845 3076
741 179 878 203 EPISTOLE
1499 172 1557 203 121
1566 207 1570 211 ,

713 338 825 370 LXXX
832 337 910 369 VIII.

250 433 471 467 FRANCISCO
491 430 755 463 ZABARELLAE
775 430 997 461 CARDINALI
1019 430 1279 463 FLORENTINO
1299 431 1326 463 S.
1349 432 1386 462 D.

481 515 677 543 Jusrmorom,
698 514 738 537 xx
759 515 892 543 mansu,
916 505 999 536 1411.
1020 514 1125 537 Romu
1141 506 1149 522 ¹

105 586 170 623 (Br.
184 595 215 622 p.
234 586 272 613 46
291 594 305 613 ο
323 585 383 618 80;
403 599 436 604 --
455 583 540 611 Ram.
554 591 586 617 p.
606 582 685 615 45·t;
705 597 738 602 —
761 581 812 609 Gr.
831 590 851 609 ο.
872 582 968 614 111t‚·
988 597 1020 600 —
1040 580 1112 608 PM.
1132 590 1153 610 c.
1175 582 1270 616 10«οί,’
1290 598 1323 601 —
1342 582 1404 611 PP.
1426 592 1452 611 n.
1471 583 1532 619 89).

127 682 199 715 Non
219 682 346 713 minoris
366 681 515 712 emendus
535 679 612 710 mihi
632 679 756 710 videtur
769 679 790 716 ²,
811 678 837 709 si
857 677 1055 709 vendendum
1075 678 1248 718 proscribas
1263 679 1283 716 ³,
1311 679 1449 711 calamus
1469 681 1495 711 is
1517 681 1568 720 (ut

67 751 88 772 a
102 740 164 772 fine
184 740 348 771 literarum
369 742 498 770 tuarum
513 737 670 776 exordiar)
685 746 746 776 quo
760 737 793 766 in
804 737 895 766 tanta
906 735 950 765 rei
964 735 1128 767 familiaris
1140 737 1286 776 angustia
1296 737 1394 777 jocari
1405 737 1568 768 scribendo

66 801 163 839 potes,
183 808 278 837 quam
298 796 399 828 iectus
420 795 533 836 equitis
546 794 677 831 romani,
692 803 786 833 quern
801 803 857 833 pro
875 803 906 823 se
919 793 1012 833 jussit
1027 793 1187 833 Augustus
1208 794 1391 833 comparari,
1413 805 1483 825 cum
1499 798 1568 834 post

65 855 150 887 illius
169 855 288 886 obitum
312 853 429 893 grande
453 862 505 883 aes
526 852 664 883 alienum
685 851 867 887 emersisset,
889 851 1020 881 miratus
1034 850 1119 890 quod
1140 851 1186 882 ita
1206 861 1331 890 pressus
1351 851 1464 882 debitis
1485 853 1569 892 quie—

66 922 151 943 scere
166 911 177 929 ⁴
196 912 228 942 in
248 911 301 942 illo
322 910 469 941 valuisset
481 910 500 940 ⁵.
525 908 590 940 Nisi
612 908 742 940 fortasse
758 907 840 948 quod
853 907 895 945 hi,
920 908 1032 948 quibus
1056 908 1263 939 necessarium
1278 911 1358 939 esset
1372 919 1483 947 emere,
1505 919 1567 940 non

67 969 203 1000 multum
224 968 342 999 habent
363 967 445 1007 quod
466 966 654 1006 expendant,
675 968 731 996 aut
751 965 835 1005 quod
855 965 972 996 nemini
986 966 997 981 ὃ
1016 965 1062 996 ita
1083 975 1206 996 necesse
1228 968 1275 996 est
1294 965 1392 996 literis
1410 966 1509 1006 jocari
1530 970 1568 997 ut

67 1029 135 1059 erat
155 1027 295 1066 Augusto
309 1025 453 1061 dormire,
467 1023 574 1054 multis
594 1033 631 1054 ac
650 1023 797 1064 gravibus
810 1023 821 1039 ⁷
841 1033 947 1062 presso
968 1023 1060 1060 curis,
1085 1023 1133 1053 vel
1148 1023 1231 1063 quod
1248 1033 1311 1054 non
1326 1026 1371 1054 est
1394 1033 1431 1054 ea
1452 1023 1497 1055 vis
1521 1034 1570 1055 ca-

67 1083 143 1115 lami
162 1082 216 1115 sed
238 1082 334 1114 animi
354 1082 409 1113 tui.
430 1081 558 1122 Sapiens
573 1081 655 1112 enim
670 1091 731 1111 non
744 1079 834 1111 modo
855 1080 959 1120 inopia
971 1080 992 1117 ⁸,
1013 1090 1122 1111 verum
1136 1081 1231 1111 etiam
1257 1080 1289 1110 in
1316 1084 1416 1112 morte
1434 1081 1568 1121 jocatur.

67 1140 128 1172 Sed
149 1141 212 1173 sive
225 1140 338 1171 calami
357 1139 420 1170 sive
434 1139 530 1170 animi
551 1138 591 1169 sit
604 1138 615 1155 ‘³
636 1138 714 1169 haec
728 1137 835 1174 virtus,
850 1138 954 1177 magni
968 1137 1105 1177 profecto
1121 1137 1179 1168 tibi
1193 1138 1374 1169 extimanda
1388 1141 1436 1169 est
1449 1148 1486 1169 ac
1500 1139 1567 1179 plu-

67 1198 139 1229 rimi
160 1197 312 1235 facienda,
324 1197 349 1227 si
364 1197 453 1228 modo
471 1196 548 1237 jocis
562 1195 714 1227 familiam
728 1197 817 1226 tuam
828 1194 912 1225 alere
927 1197 1023 1234 potes,
1039 1197 1069 1225 et
1083 1195 1157 1225 dum
1172 1195 1276 1226 cibum
1293 1195 1420 1235 expetit,
1437 1196 1571 1237 jocando

66 1255 190 1287 satiare.
213 1255 292 1285 Mihi
312 1256 396 1285 certe
418 1255 468 1294 (ut
483 1253 521 1284 de
537 1263 586 1284 me
599 1253 710 1292 dicam,
734 1263 808 1284 nam
831 1251 967 1292 reliquos
981 1254 1050 1283 tuos
1071 1252 1253 1284 domesticos
1267 1253 1377 1291 nescio,
1403 1263 1444 1284 an
1469 1264 1570 1285 cama-

67 1313 179 1344 leontis
193 1312 294 1343 sortiti
309 1313 456 1342 naturam
471 1313 563 1342 vento
578 1311 786 1349 nutriantur),
808 1309 893 1346 mihi,
914 1310 1052 1349 inquam,
1068 1310 1196 1341 nimium
1211 1310 1286 1341 Ievis
1302 1314 1349 1341 est
1362 1311 1413 1342 hic
1426 1311 1524 1348 cibus,
1539 1314 1573 1342 et

69 1372 139 1411 post
160 1369 361 1400 saturitatem
381 1368 508 1408 quidem
530 1368 642 1407 placet,
664 1368 864 1399 saturitatem
878 1370 984 1398 autem
998 1367 1116 1398 efficere
1135 1377 1196 1398 non
1218 1367 1301 1398 valet
1318 1368 1348 1399 ¹⁰.
1369 1368 1481 1409 Itaque
1501 1379 1573 1400 cum

70 1429 148 1459 tunc
173 1427 309 1466 primum
329 1426 371 1456 ad
390 1435 530 1456 mensam
557 1425 656 1465 posito
677 1427 752 1456 tuae
780 1424 906 1455 litterae
927 1424 1004 1454 mihi
1031 1424 1173 1455 redditae
1194 1424 1334 1462 fuissent,
1362 1426 1478 1465 raptim
1504 1426 1574 1457 illas

71 1484 143 1525 legi,
163 1494 225 1515 non
247 1483 361 1514 inscius
381 1493 498 1521 eorum,
520 1492 600 1522 quae
616 1482 654 1513 de
673 1482 766 1513 rebus
787 1482 847 1513 tuis
868 1482 1111 1518 continerentur,
1132 1482 1248 1522 quippe
1267 1483 1321 1523 qui
1342 1483 1451 1514 eadem
1471 1484 1536 1514 fere
1552 1484 1571 1500 ¹¹

71 1543 104 1573 et
123 1551 224 1581 nuper
244 1540 285 1571 ad
306 1542 338 1571 te
357 1540 541 1580 scripseram
555 1542 586 1570 et
602 1539 656 1569 diu
678 1542 752 1570 ante
772 1539 999 1578 praedixeram.
1022 1539 1069 1569 De
1086 1539 1156 1579 joco
1168 1540 1189 1556 ¹2
1209 1542 1315 1571 autem
1337 1540 1437 1571 Drudi
1456 1542 1490 1571 in
1503 1541 1574 1573 Pre-

70 1598 292 1630 bechasumum
309 1598 339 1635 ¹³,
360 1597 413 1638 qui
432 1596 509 1627 mihi
529 1597 561 1627 in
583 1596 745 1628 consilium
760 1607 778 1627 a
793 1599 824 1627 te
846 1596 949 1633 datur,
970 1597 1024 1627 risi
1038 1596 1174 1636 quidem,
1195 1597 1249 1628 sed
1270 1600 1402 1637 augusto
1417 1608 1479 1636 ore,
1500 1609 1574 1630 nam

73 1656 187 1688 esuries
208 1655 269 1687 alio
289 1654 490 1695 perurgebat.
517 1653 649 1693 Sumpta
670 1664 742 1685 vero
762 1664 867 1691 coena,
895 1654 928 1684 in
948 1653 1044 1685 risum
1065 1656 1149 1684 totus
1176 1654 1296 1686 solutus
1317 1665 1395 1692 sum,
1421 1666 1491 1686 cum
1511 1666 1574 1687 non

71 1723 190 1754 possem
210 1714 325 1744 sortem
344 1715 434 1743 tuam
449 1711 471 1729 ¹⁴
492 1711 567 1742 satis
581 1711 738 1742 admirari.
755 1710 879 1742 Caeteri
901 1711 983 1741 enim
996 1711 1027 1748 ¹³,
1049 1711 1081 1741 in
1102 1711 1246 1743 altiorem
1265 1711 1397 1752 gradum
1419 1713 1526 1751 evecti,
1539 1716 1576 1744 ut

71 1770 190 1803 auxilia
209 1770 327 1810 possint
347 1769 416 1800 aliis
437 1770 558 1810 majora
578 1771 749 1809 praestare,
769 1768 815 1800 ita
835 1768 936 1799 solent
960 1768 1146 1808 plerumque
1165 1768 1298 1800 aliorum
1318 1770 1453 1801 consiliis
1479 1770 1578 1811 magis

68 1828 219 1869 indigere.
240 1827 288 1858 Tu
301 1829 420 1864 contra,
436 1837 474 1858 ex
486 1826 546 1858 hac
558 1828 616 1858 tua
630 1826 823 1866 promotione
842 1826 1031 1857 auxiliorum
1051 1826 1140 1866 inops
1161 1824 1300 1864 effectus,
1328 1837 1412 1858 nunc
1441 1827 1577 1867 primum

70 1885 180 1925 incipis
200 1884 411 1924 undequaque
431 1883 565 1915 consiliis
585 1883 758 1921 abundare,
779 1883 921 1921 consiliis,
948 1883 1087 1923 inquam,
1107 1883 1203 1914 aridis
1231 1887 1263 1915 et
1284 1884 1316 1914 in
1338 1885 1452 1924 quibus
1473 1885 1577 1916 nullus

69 1943 111 1974 sit
132 1942 262 1973 fructus.
284 1941 366 1973 Nam
381 1951 452 1973 cum
471 1943 544 1981 peto
558 1941 599 1972 ad
620 1942 652 1972 te
667 1941 782 1978 venire,
796 1943 832 1972 ut
852 1940 973 1981 fugiam
992 1944 1190 1980 praesentem
1211 1941 1355 1981 inopiam,
1369 1944 1405 1973 tu
1420 1952 1469 1974 me
1486 1942 1579 1983 jubes

71 2001 197 2031 tantum
209 1999 261 2030 hic
275 1999 445 2036 comedere,
465 2000 502 2029 ut
515 1998 628 2038 possim
643 1998 728 2038 apud
741 2000 774 2029 te
788 1997 843 2029 diu
855 1998 1007 2038 impastus
1029 1997 1144 2030 durare
1159 2000 1191 2029 et
1204 1998 1329 2039 longam
1349 1999 1486 2031 inediam
1500 2000 1576 2039 pati.

73 2056 225 2097 Quodque
247 2056 287 2088 ad
309 2067 378 2088 eam
404 2066 472 2087 rem
491 2056 616 2093 attinet,
643 2065 705 2087 non
725 2055 832 2096 inepte
852 2055 892 2087 de
912 2055 1196 2089 Prebeehafumo1⁶
1221 2057 1358 2097 subjicis,
1381 2058 1436 2098 qui
1455 2057 1578 2090 diversa

72 2114 209 2155 quadam
229 2114 351 2145 ratione
370 2113 471 2144 simile
490 2113 640 2145 studebat
659 2114 743 2154 quod
762 2114 816 2145 ille
837 2114 891 2154 qui
910 2114 1029 2146 habere
1050 2125 1082 2146 se
1102 2115 1215 2146 collum
1236 2115 1363 2155 longum
1376 2117 1412 2146 ut
1432 2125 1541 2156 gruem
1556 2115 1578 2132 ¹⁷

74 2171 232 2212 cupiebat,
245 2181 307 2212 quo
320 2171 499 2203 diuturnior
514 2173 594 2202 esset
607 2170 691 2212 apud
705 2180 778 2202 eum
792 2174 900 2212 gustus
914 2182 1081 2212 sensusque
1093 2173 1241 2205 ciborum.
1253 2173 1380 2212 Verum,
1392 2175 1582 2216 consumptis

85 2315 94 2332 1
115 2313 162 2342 Gli
180 2313 247 2341 altri
265 2312 351 2341 codici
368 2320 425 2340 non
443 2312 537 2340 hanno
556 2312 678 2341 Romam
850 2315 871 2332 ¹⁰
890 2313 967 2342 Ram.
980 2314 1044 2342 vale

85 2358 96 2376 2
114 2358 192 2386 Ram.
210 2359 302 2385 vester
320 2364 370 2392 per
387 2356 499 2384 videtur
849 2359 869 2376 11
889 2359 944 2387 ΡΡ.
958 2358 1036 2391 ferre

84 2403 95 2420 ³
114 2402 298 2430 Proscribere
316 2401 474 2436 pubblicare
493 2408 543 2436 pei·
560 2400 681 2430 cartello.
846 2404 869 2421 12
886 2403 947 2431 PM.
961 2403 1006 2431 Gr.
1020 2403 1065 2431 De
1077 2403 1135 2432 loco

82 2446 93 2465 ⁴
112 2446 189 2475 Ram.
207 2446 380 2481 quiescerem
397 2445 447 2473 illo
844 2448 866 2465 ¹³
883 2447 929 2476 ΒΥ.
936 2447 1214 2484 prebachasumunz;
1229 2448 1275 2478 Gr.
1285 2450 1333 2484 pie
1345 2450 1560 2484 Bechafumum

83 2492 94 2509 ⁵
112 2491 189 2519 Ram.
202 2491 345 2526 potuisset
361 2489 420 2518 sive
438 2489 575 2518 valuisset
846 2491 868 2508 ¹⁴
886 2490 941 2520 PP.
956 2492 1086 2519 nostram

83 2537 95 2553 ⁶
111 2535 188 2563 Ram.
206 2537 292 2569 atque
309 2534 419 2562 nemini
845 2536 867 2553 ¹⁵
885 2535 949 2563 Cosi
968 2536 1014 2563 Br.
1034 2535 1068 2563 80
1086 2544 1100 2563 e
1117 2535 1208 2565 codice
1227 2536 1312 2566 citato
1329 2537 1365 2566 da
1383 2538 1442 2567 PM.
1462 2538 1507 2567 Gli
1519 2539 1583 2568 altri

84 2579 94 2598 ⁷
114 2580 158 2608 ΒΥ.
178 2579 224 2608 Gr.
243 2579 328 2614 Ram,
347 2579 408 2608 PM.
426 2578 459 2606 in
474 2578 613 2614 gravibus
881 2588 947 2607 vero

85 2625 96 2642 ⁸
114 2623 191 2652 Ram.
210 2623 309 2658 inopia
326 2623 487 2652 vinceretur
849 2625 869 2641 ¹⁶
895 2623 932 2651 Ut
942 2632 1031 2659 supra

83 2669 96 2686 ⁹
113 2667 167 2696 Nei
186 2667 270 2696 codici
288 2669 329 2696 est
848 2668 869 2685 ¹⁷
889 2667 935 2695 Gr.
948 2669 980 2695 ¹ut
990 2677 1107 2703 gyrarent

1465 2727 1498 2754 16
