1845 3076
728 168 863 192 amsi-oni:
1509 161 1547 192 29

35 251 209 284 -affectibus
230 253 289 293 agi,
310 262 391 293 quae
411 253 535 289 misera,
555 253 587 283 in
613 252 738 284 servitio
759 255 845 290 nata,
865 255 897 284 et
912 255 1021 284 tenera
1037 254 1045 271 ¹
1067 253 1159 285 docta
1179 254 1305 291 servire,
1325 263 1387 285 non
1403 253 1493 285 facile
1514 253 1547 284 in

46 309 188 341 futurum
208 320 228 341 a
246 319 278 341 se
299 319 393 350 grave
409 310 521 351 jugum
535 309 658 341 avertit.
678 309 772 348 Imus,
791 309 881 346 imus,
896 312 932 341 ut
945 309 1095 341 Satiricus
1109 310 1164 347 ait,
1184 310 1378 351 praecipites,
1399 320 1444 349 ac,
1459 309 1545 341 nullo

51 366 192 398 adhibito
212 366 330 404 fraeno,
351 366 507 406 passiones
534 366 574 397 ab
600 368 671 397 ortu
690 368 866 398 contractas
885 366 1099 406 insequimur;
1130 370 1226 407 atque
1245 367 1314 399 ideo
1330 367 1340 384 ²
1360 377 1447 398 raros
1466 367 1547 398 vidc-

48 433 125 461 mus,
146 423 204 454 nisi
233 433 308 463 quos
328 423 462 464 benigno
482 423 583 455 sidere
613 422 733 454 coelum
752 423 940 463 adspexerit,
959 423 1000 454 ad
1030 424 1179 455 virtutem
1199 424 1337 455 tendere.
1359 424 1471 455 Omnes
1492 434 1548 464 per

46 480 200 512 calcatam
221 479 435 520 declivemque
449 480 531 511 viam
545 479 724 520 gradimur;
745 490 803 511 nec
815 482 889 511 ante
904 490 1041 511 errorem
1062 483 1203 511 nostrum
1219 481 1437 520 cognoscimus,
1452 491 1545 521 quam

47 538 213 570 revocandi
227 538 238 555 ³
266 547 386 578 gressus
413 547 512 577 paene
534 536 667 568 facultas
687 536 902 568 abscesserit&
934 536 989 567 His
1009 539 1115 568 autem
1141 540 1206 568 tam
1234 538 1389 568 damnosis
1410 537 1548 577 volupta-

47 597 117 626 tum
137 594 302 633 alimentis,
323 604 414 634 quae,
435 594 509 624 dum
531 594 563 624 in
585 593 672 626 nobis
692 593 793 634 sopita
815 595 862 624 est
882 593 971 630 ratio,
993 593 1123 624 nimium
1145 594 1229 625 avidi
1248 594 1442 634 nimiumque
1463 597 1547 626 tena-

47 662 97 683 ces
124 652 282 689 sumimus,
313 651 466 682 accedunt
493 651 566 688 alia,
598 661 678 691 quae
705 653 877 682 crescentes
905 651 1034 690 jamque
1056 650 1256 682 discernere⁵
1287 651 1471 691 incipientes
1485 652 1504 690 ⁶,
1527 662 1543 683 a

48 709 165 740 virtute
192 711 224 739 et
250 708 339 740 bonis
359 708 481 740 artibus
501 707 592 739 facile
611 710 802 739 transversos
823 709 919 748 agant
931 707 951 745 ⁷,
973 709 1008 738 ut
1028 709 1102 738 sunt
1121 707 1205 748 vulgi
1221 707 1350 749 judicia,
1370 708 1548 740 damnatae-

47 776 109 806 que
130 775 236 797 eorum
257 765 438 796 sententiae.
461 765 520 796 Eos
541 765 622 796 enim
642 765 805 804 sapientes,
826 774 877 795 eos
898 764 1003 802 bonos,
1024 774 1137 804 eosque
1172 764 1306 805 denique
1329 765 1433 797 felices
1454 765 1550 796 credi-

49 833 127 860 mUS,
149 832 224 863 quos
249 822 360 862 vulgus
380 822 459 853 tales
473 822 483 839 ⁸
500 822 641 863 judicat;
662 831 720 853 nec
740 831 873 861 quorum
894 824 1013 852 rectum
1029 822 1040 838 ⁹
1057 822 1219 861 judicium,
1241 822 1294 854 sed
1317 833 1397 862 quae
1424 823 1548 863 publica

47 879 151 920 opinio
171 881 258 910 tenet
278 879 435 910 sentimus.
458 879 531 910 Ideo
551 879 583 909 in
605 878 715 909 studiis
736 878 849 909 nostris
869 888 931 909 non
951 878 1034 918 quod
1057 879 1078 895 ¹⁴¹
1109 878 1220 910 decens
1242 882 1296 910 aut
1317 879 1480 910 honestum
1500 880 1549 916 sit,

45 937 99 968 sed
121 936 290 968 ambitione
311 938 342 967 et
356 936 489 967 avaritia
509 936 641 967 honores
661 946 697 967 ac
713 935 922 967 emolumenta
942 935 1158 976 perquirimus.
1181 936 1258 967 Illae
1274 937 1293 953 ¹¹
1316 940 1400 968 artes
1419 937 1549 977 imprae-

44 994 170 1032 tiosunt,
192 1003 272 1034 quae
293 993 465 1034 plurimum
497 993 576 1024 lucri
597 993 694 1030 dant3
714 992 809 1033 hique
841 993 1005 1033 magnifice
1026 993 1229 1031 extolluntur,
1251 994 1304 1034 qui
1319 995 1426 1034 quovis
1447 994 1547 1032 modo,

41 1052 114 1092 jure
135 1051 183 1082 vel
196 1051 321 1092 injuria,
343 1061 457 1091 augere
479 1060 552 1090 opes
573 1053 697 1081 norunt.
720 1050 845 1082 Nemini
864 1051 928 1091 jam
957 1054 1049 1091 turpe
1070 1054 1118 1082 (st
1142 1052 1352 1083 feneratorem
1373 1051 1550 1083 fraudulen-

45 1112 175 1148 tumque
195 1108 369 1139 alienarum
389 1118 496 1139 rerum
516 1110 675 1148 raptorem
697 1107 775 1139 fieri.
797 1107 944 1148 Reliquos
957 1108 1167 1139 illicitissimos
1186 1111 1335 1148 quaestus
1354 1112 1452 1147 taceo,
1474 1120 1550 1149 quos

45 1176 82 1197 eo
103 1165 253 1197 obnoxius
274 1168 441 1205 quaerunt,
461 1176 523 1205 quo
543 1165 670 1206 majoris
692 1164 811 1196 fructus
833 1165 1021 1196 existimant.
1045 1164 1112 1203 Quo
1133 1165 1169 1196 fit
1190 1168 1225 1197 ut
1247 1166 1331 1206 vulgi
1349 1166 1469 1206 judicia
1489 1177 1550 1198 sec—

45 1225 149 1254 tantes
169 1223 202 1253 in
223 1222 346 1254 easdem
367 1222 426 1262 ipsi
446 1222 605 1262 opiniones
618 1222 753 1253 veniant.
778 1221 837 1260 Qui
858 1222 940 1253 enim
960 1222 1097 1262 aliquem
1118 1223 1203 1254 videt
1223 1222 1354 1254 sordidis
1375 1223 1468 1254 lucris
1489 1224 1551 1264 ple-

47 1290 134 1318 num,
151 1290 244 1320 quem
259 1280 398 1311 homines
413 1280 576 1317 honorent,
591 1280 678 1320 cujus
692 1279 880 1310 industriam
896 1279 1015 1320 magnis
1028 1279 1173 1312 laudibus
1189 1280 1323 1320 probent
1336 1281 1366 1319 ¹²,
1388 1280 1550 1321 splendide

47 1337 79 1368 in
100 1340 255 1369 conventu
276 1347 393 1374 eorum,
413 1347 490 1377 quos
503 1337 611 1368 dicunt
626 1337 721 1368 bonos
735 1337 823 1374 cives,
839 1337 1009 1374 sedentem,
1031 1337 1095 1368 late
1110 1337 1392 1377 perambulantem,
1407 1338 1550 1369 omnibus

47 1395 192 1432 veritum,
214 1397 310 1434 atque
336 1394 409 1426 inde
429 1395 578 1425 virtutem
593 1394 758 1435 abjectam,
780 1394 859 1424 nulli
879 1397 1084 1434 conspectam,
1098 1395 1240 1426 omnibus
1255 1395 1416 1435 calcatam,
1438 1415 1476 1418 —
1496 1398 1549 1436 qui

47 1462 128 1492 ergo,
148 1461 245 1483 novus
265 1451 298 1482 in
312 1451 396 1482 hunc
415 1451 539 1482 vivendi
548 1451 654 1491 jocum
668 1453 688 1468 ¹³
708 1452 844 1488 veniens,
861 1451 937 1483 haec
953 1451 1036 1483 videt
1051 1454 1237 1492 tantumque
1251 1453 1280 1489 ¹⁴,
1300 1453 1392 1493 juxta
1408 1454 1429 1470 ¹⁵
1450 1454 1551 1484 existi—

47 1509 216 1540 mationem
247 1508 439 1549 reliquorum
460 1509 619 1540 hominum
650 1508 882 1548 improbitatem
898 1509 919 1525 ¹⁸
949 1509 1091 1549 concipit.
1125 1509 1206 1540 Nam
1229 1510 1295 1550 ejus
1317 1511 1339 1527 ¹⁷
1358 1511 1391 1541 in
1412 1511 1552 1542 animum

46 1566 141 1603 venit,
162 1576 241 1604 eam,
262 1576 357 1606 quani
377 1565 487 1606 vulgus
509 1566 661 1606 potiorem
677 1566 807 1607 judicat,
829 1568 952 1606 partem
967 1567 1064 1606 sequi,
1087 1569 1118 1597 et
1133 1576 1165 1597 se
1179 1569 1373 1598 caeterorum
1389 1569 1551 1599 sententiis

47 1623 250 1655 conformare.
272 1623 318 1654 Ea
337 1625 475 1663 propter,
497 1623 522 1654 si
543 1623 632 1663 copia
652 1633 757 1654 rerum
774 1625 930 1663 suppetat,
951 1623 1071 1654 deliciis
1091 1624 1195 1655 dediti·
1211 1624 1274 1655 otio
1288 1628 1448 1662 marcent;
1468 1626 1515 1655 sin
1533 1626 1552 1642 ¹*

48 1680 248 1721 quaerendae
269 1683 342 1712 sunt
361 1690 444 1721 opes,
476 1680 508 1711 hi
535 1690 567 1711 se
587 1680 750 1720 stipendiis
774 1681 966 1718 adscribunt,
995 1684 1031 1711 ut
1053 1681 1179 1721 publica
1198 1681 1334 1719 licentia,
1361 1692 1417 1722 per
1437 1682 1499 1713 vim
1521 1687 1551 1714 et

46 1738 181 1778 rapinas,
197 1737 300 1769 aliena
315 1748 372 1769 sua
385 1737 512 1774 faciant,
527 1756 565 1759 —
578 1737 611 1768 hi
626 1747 658 1768 se
673 1737 936 1778 negotiationibus
951 1737 1071 1769 dedunt
1083 1739 1114 1776 ¹⁰,
1130 1741 1165 1769 ut
1179 1738 1345 1770 fraudibus
1362 1742 1393 1770 et
1409 1740 1553 1780 perjuriis

46 1805 173 1826 censum
193 1797 340 1835 augeant,
355 1813 393 1817 —
407 1794 441 1826 hi
452 1794 547 1826 etiam
562 1794 584 1811 ²⁰
605 1794 714 1832 literis,
728 1804 788 1826 non
804 1797 840 1825 ut
853 1795 944 1833 docti,
958 1796 1013 1826 sed
1026 1798 1063 1826 ut
1077 1805 1172 1835 quam
1192 1797 1327 1828 maxime
1348 1797 1505 1836 pecuniosi
1522 1802 1553 1828 et

47 1852 192 1884 honorati
214 1852 302 1884 fiant.
323 1851 435 1892 Sioque
456 1852 495 1883 de
516 1851 645 1892 reliquis
664 1851 771 1882 multis
791 1852 922 1890 artibus,
955 1863 1036 1893 quae
1058 1863 1155 1893 quum
1175 1853 1275 1885 bonae
1296 1854 1366 1887 siut«,
1398 1855 1480 1885 malo
1502 1865 1554 1886 eas

47 1910 117 1941 usui
137 1910 264 1942 habent.
286 1909 326 1940 Et
346 1911 510 1949 postremo,
528 1919 567 1940 ne
590 1909 665 1949 quid
685 1909 787 1941 deesse
809 1910 891 1950 quod
911 1910 1045 1941 consiliis
1063 1911 1238 1951 juventutis
1259 1911 1404 1948 officeret,
1425 1912 1513 1942 adest
1529 1913 1547 1928 ²¹

49 1970 219 2007 parentum
234 1966 411 2007 imperium,
433 1966 487 2006 qui
508 1976 569 1997 non
585 1969 735 2004 nostrum,
749 1967 830 2007 quod
845 1970 912 1998 tam
927 1968 950 1985 ²²
970 1968 1157 2008 plerumque
1170 1968 1307 2000 deterius
1322 1972 1377 2007 est,
1398 1969 1451 1999 sed
1465 1980 1554 2000 suum

60 2061 68 2077 ¹
90 2060 150 2088 PM.
177 2062 203 2088 ct
221 2061 327 2093 tenera,
346 2060 428 2088 docta
445 2059 560 2087 servire.
590 2059 673 2087 Senza
691 2059 719 2087 la
732 2059 785 2088 vir·
821 2061 842 2078 1³
862 2060 916 2089 ΡΡ.
935 2069 949 2089 e
962 2060 1028 2088 PM.
1049 2061 1140 2089 Iocum

83 2104 156 2140 gola,
175 2105 231 2132 tino
250 2103 294 2132 dai
313 2099 394 2139 primi
413 2103 480 2131 anni
494 2105 687 2131 ammaestrata
700 2112 717 2131 a
730 2112 783 2132 ser·
822 2104 843 2123 Η
862 2104 915 2132 Nei
928 2104 1015 2133 codici
1033 2105 1116 2138 videt,
1131 2107 1296 2141 tantamque

83 2149 148 2177 vire.
820 2150 841 2167 ¹5
861 2149 916 2178 ΡΡ.
936 2149 1035 2177 omctte
1045 2149 1135 2184 Juxta

59 2194 70 2211 ⁹
89 2193 143 2221 ΡΡ.
162 2193 231 2222 adeo
820 2195 841 2211 ¹⁶
860 2194 914 2221 ΡΡ.
933 2194 1033 2222 omette
1046 2194 1262 2228 improbitatmn.
1284 2194 1342 2222 PM.
1362 2194 1398 2222 ha
1413 2195 1557 2230 imperitu-

57 2238 68 2256 3
86 2237 139 2266 Nei
157 2236 244 2266 codici
263 2244 278 2265 0
299 2236 465 2265 recurrendi
484 2243 500 2264 ο
519 2235 686 2265 revertendi.
854 2239 917 2273 tem,
935 2246 949 2266 e
968 2239 1034 2266 nota
1052 2237 1101 2266 che
1120 2238 1186 2266 deve
1205 2237 1356 2266 sostituirsi
1375 2239 1555 2274 impietatem.

58 2281 69 2301 ⁴
92 2282 148 2310 PM.
167 2282 337 2315 absev·serit;
356 2281 410 2308 ΡΡ.
429 2281 545 2309 absessit
856 2282 932 2310 Ram.
953 2290 966 2310 e
986 2282 1031 2310 ΒΥ.
1050 2282 1250 2317 i»2p›·oitat01›2.

57 2327 68 2345 ⁵
86 2326 141 2354 ΡΡ.
159 2334 241 2354 senza
259 2325 421 2354 discernere
822 2328 844 2345 ¹⁷
862 2327 917 2360 Br.,
937 2327 997 2355 PM.
1018 2335 1031 2354 e
1051 2326 1104 2354 ΡΡ.
1124 2326 1256 2361 concipit,
1271 2335 1327 2354 von
1342 2327 1406 2362 ejus

56 2372 68 2389 ⁶
86 2370 147 2398 PM.
166 2378 180 2398 e
200 2370 255 2398 ΡΡ·
274 2369 449 2405 inceptanies
822 2372 844 2390 ¹⁸
861 2371 922 2399 PM.
940 2372 995 2399 sim

57 2416 69 2433 ⁷
88 2415 142 2444 ΡΡ.
162 2415 286 2449 αιῖεαηίς
305 2413 346 2450 gli
364 2413 430 2442 altri
448 2414 556 2442 ducant
822 2417 844 2433 ¹⁹
862 2415 922 2443 PM.
941 2415 1081 2443 dederunt

58 2460 69 2477 ⁸
87 2459 143 2487 ΡΡ.
162 2459 217 2487 tale
821 2460 844 2478 ²⁰
864 2460 917 2488 ΡΡ.
937 2460 1012 2488 enim

57 2505 68 2522 ⁹
86 2503 141 2532 ΡΡ.
160 2504 267 2532 rectam
820 2505 841 2523 21
861 2504 922 2531 PM.
935 2503 1065 2537 efficeret.
1077 2504 1168 2532 Adest
1174 2513 1183 2538 ;
1194 2505 1240 2533 ΒΥ.
1252 2513 1265 2533 e
1276 2505 1329 2533 ΡΡ.
1345 2506 1474 2543 efficeret,
1484 2507 1560 2537 Ram.

45 2549 68 2565 ¹0
85 2547 140 2576 ΡΡ.
159 2546 292 2583 nunquid
857 2547 989 2582 officeret.
1008 2549 1099 2576 Adest

45 2592 66 2609 ¹¹
86 2591 147 2620 PM.
166 2591 213 2620 illi
822 2593 845 2611 2²
863 2593 918 2627 Biz,
937 2592 997 2621 PM.
1017 2601 1030 2621 e
1050 2592 1104 2622 ΡΡ.
1124 2594 1219 2622 tamen

47 2636 73 2655 ¹⁸³
92 2635 146 2664 ΡΡ.
159 2635 301 2671 praebent
