1845 3076
766 163 906 187 Erisrorn
1539 159 1594 188 117

81 250 115 280 et
136 247 232 279 Pilati
252 250 348 288 atque
369 246 510 285 Herodis,
538 247 677 288 itemque
698 247 854 279 malorum
879 248 1077 286 daemonum,
1106 258 1185 289 quas
1205 252 1271 280 tam
1293 249 1468 289 horribiles,
1495 260 1591 290 quam

82 304 255 345 pictoribus
276 304 390 344 placet,
403 305 567 342 cernimus,
587 304 713 345 templis
734 304 915 336 evellendae
929 305 1164 346 parietibusque
1186 306 1339 338 delendae
1361 308 1476 338 erunt?
1496 307 1594 338 Roma

81 371 228 402 magnam
249 362 373 393 ruinam
393 362 510 392 sentiat
530 365 664 402 oportet,
685 362 718 392 in
733 372 796 402 qua
817 365 890 393 sunt
910 365 956 393 tot
977 364 1144 394 vetustatis
1158 366 1205 395 tot
1219 365 1341 404 priscae
1363 364 1520 404 religionis
1534 375 1594 396 mo

81 422 241 451 numenta.
264 419 323 451 Sed
343 421 369 450 si
391 420 437 450 ita
458 419 626 460 patiamur,
653 420 787 460 jubente
814 430 858 458 eo,
886 420 969 451 dirui
991 421 1103 458 omnia,
1124 431 1206 461 quae
1227 421 1268 452 ad
1296 422 1502 453 christianam
1525 422 1594 454 reli-

81 478 204 518 gionem
231 487 293 508 non
314 478 452 508 attinent
472 480 530 508 aut
559 476 624 508 ullo
646 480 738 517 pacto
765 477 898 509 adversa
918 480 1001 514 sunt,
1029 477 1108 508 illud
1128 481 1212 509 certe
1233 488 1294 509 non
1323 479 1482 518 patiemur
1505 480 1594 510 taciti

81 534 167 575 quod
187 534 227 565 de
249 534 379 574 Virgilio
400 537 432 565 et
447 534 580 565 caeteris
600 534 699 574 poetis
719 534 824 573 sentit,
846 545 881 565 ac
896 544 936 565 ne
955 535 1051 565 sentit
1066 534 1192 574 quidem
1212 538 1347 572 tautum,
1369 537 1423 567 sed
1444 540 1475 567 et
1489 536 1594 577 palam

79 591 216 628 dictitat,
236 594 346 631 poetas
367 601 473 622 omnes
495 594 527 622 et
548 591 715 631 Virgilium
737 601 808 622 cum
828 592 961 622 cacteris
976 591 1141 623 histriones
1162 602 1236 623 esse.
1258 593 1308 626 At,
1329 603 1367 624 ne
1390 593 1497 624 lumen
1517 593 1595 624 illud

82 648 281 689 eloquentiae
302 648 421 679 latinae
435 648 631 680 indefensum
651 651 842 688 praetereat,
858 648 1038 680 Ciceronem
1057 649 1227 689 quemdam
1248 649 1439 681 causidicum
1455 653 1485 682 ct
1501 661 1595 690 nuga-

79 708 180 738 torem
203 705 295 736 fuisse
317 705 371 742 ait,
395 708 427 736 et
448 705 558 736 horum
580 705 718 737 omnium
739 705 909 737 artificium
931 706 1078 737 inanibus
1100 708 1131 737 01
1153 707 1220 737 sine
1242 706 1306 737 ullo
1327 707 1464 746 pondere
1493 708 1596 739 verbis

81 766 233 795 constare.
255 763 342 794 Haec
363 766 409 794 est
430 762 468 793 de
490 763 589 802 poetis
612 765 643 793 ct
664 763 702 793 de
722 763 900 794 oratoribus
919 763 1084 794 sententia.
1106 763 1177 795 Non
1198 767 1246 795 est
1267 764 1344 794 mihi
1365 765 1488 795 animus
1511 775 1594 795 nunc

80 824 264 859 monstrare,
291 831 373 861 quae
394 821 435 851 sit
456 820 577 860 poetica
598 820 643 850 vis
664 823 721 851 aut
750 821 900 851 orationis
927 820 1070 851 facultas.
1101 820 1183 852 Nam
1202 831 1305 861 neque
1326 824 1361 852 tu
1388 821 1517 861 indiges,
1545 822 1595 853 cui

80 877 207 909 abunde
228 878 354 918 cognita
376 881 449 909 sunt
471 878 557 915 haec,
578 888 637 908 nec
657 881 749 909 vacat
770 878 855 914 mihi,
876 877 946 909 aliis
967 878 1079 908 studiis
1099 878 1215 917 dedito,
1236 879 1301 918 qui,
1316 879 1375 909 etsi
1395 879 1594 910 otiosissimus

79 935 147 973 sim,
169 945 230 965 non
251 935 326 966 satis
347 935 478 966 sortasse
498 935 603 966 sciam.
617 935 664 966 De
677 935 808 975 reliquis
829 935 941 974 dicam,
964 945 1000 967 ac
1015 936 1053 966 de
1076 935 1224 966 Cicerone
1244 936 1371 975 quidem
1393 936 1539 975 primum,
1554 936 1592 966 de

77 1003 140 1033 quo
153 993 316 1033 praeclare
337 993 414 1024 mihi
436 1004 507 1025 cum
527 993 582 1024 illo
605 993 757 1030 convenit,
779 993 970 1024 causidicum
991 1004 1063 1024 eum
1087 993 1190 1030 fuisse,
1211 993 1295 1033 quod
1309 1003 1407 1034 genus
1428 993 1589 1024 hominum

77 1050 111 1081 in
132 1050 211 1081 urbe
232 1051 371 1082 omnium
391 1051 532 1091 principe
553 1051 584 1081 in
606 1051 714 1090 primis
734 1054 810 1082 tuuc
830 1050 1018 1087 habebatur,
1040 1061 1123 1082 nunc
1145 1061 1300 1091 nusquam
1321 1054 1414 1091 turpe
1427 1053 1482 1082 est.
1504 1050 1594 1088 Quod

79 1107 105 1138 si
124 1107 176 1138 hic
196 1108 283 1145 sciat,
304 1118 391 1148 quaS,
413 1112 610 1148 quantasque
633 1112 663 1140 et
686 1108 874 1148 populorum
895 1110 927 1139 01
947 1118 1057 1145 regum
1085 1110 1141 1139 aut
1160 1108 1367 1139 maximorum
1397 1108 1526 1148 quidem
1544 1107 1596 1139 ho-

76 1165 196 1196 minum
217 1175 326 1196 causas
349 1166 448 1205 egerit
470 1165 599 1197 Cicero?
628 1165 713 1196 Num
734 1168 828 1206 turpe
852 1165 1009 1205 judicabit
1036 1165 1134 1197 fuisse
1155 1165 1369 1196 causidicum?
1400 1165 1595 1206 Nugatorem

76 1232 202 1263 quoque
224 1233 294 1254 cum
323 1223 447 1254 fatebor
467 1223 613 1263 ingenue,
645 1223 771 1263 quando
791 1223 851 1253 sibi
871 1223 916 1254 ita
936 1223 1049 1263 placet,
1078 1223 1104 1253 si
1122 1223 1215 1263 jocos,
1247 1233 1323 1262 quos
1342 1226 1513 1254 scommata
1537 1226 1594 1254 aut

74 1281 156 1312 sales
176 1280 339 1321 appellant
362 1280 502 1320 (brevem
526 1283 558 1312 et
579 1283 705 1311 acutam
725 1280 923 1319 sententiam,
945 1290 1027 1320 quae
1044 1280 1153 1311 furtim
1174 1280 1296 1320 pungit,
1316 1280 1422 1320 palam
1438 1280 1594 1311 laetitiam

74 1339 204 1378 movet),
231 1348 331 1378 nugas
358 1338 451 1369 dicat.
482 1338 518 1368 In
539 1348 601 1378 quo
622 1348 736 1378 genere
764 1338 940 1369 abundasse
962 1348 1034 1369 eum
1062 1340 1194 1375 constat,
1223 1338 1269 1369 ita
1290 1340 1326 1369 ut
1351 1337 1498 1368 Libertus
1527 1338 1594 1377 ejus

74 1395 191 1427 librum
205 1405 243 1426 ex
258 1395 384 1435 patroni
402 1395 480 1435 jocis
493 1395 640 1426 texuerit.
663 1394 730 1426 Neo
744 1405 816 1426 vero
838 1395 944 1426 Cicero
965 1397 1102 1432 tantum,
1123 1395 1178 1426 sed
1193 1397 1225 1426 et
1238 1395 1367 1435 plurimi
1388 1405 1513 1435 quoque
1529 1394 1594 1432 alii,

72 1455 149 1484 ante
169 1462 276 1484 omnes
296 1454 466 1493 Augustus,
487 1455 596 1483 tantus
611 1455 643 1483 et
663 1455 730 1483 tam
745 1452 854 1483 doctus
875 1452 1029 1492 princeps,
1050 1452 1099 1484 hjs
1121 1452 1219 1493 magis
1233 1454 1344 1492 suopte
1366 1452 1490 1492 ingenio
1510 1451 1592 1482 dele-

74 1512 179 1542 ctatus
205 1512 260 1541 est.
282 1509 388 1541 Testes
415 1513 487 1541 sunt
516 1510 692 1550 scriptores,
721 1509 808 1549 apud
829 1519 905 1549 quos
933 1509 1117 1541 indubitata
1137 1512 1185 1541 est
1205 1509 1291 1540 fides.
1314 1509 1433 1540 Verum
1461 1509 1591 1540 fortasse

72 1568 173 1599 nescit
184 1567 323 1605 Carolus,
339 1570 476 1607 quantus
491 1570 619 1607 praeter
629 1567 707 1598 haec
722 1566 925 1607 philosophus
941 1566 1048 1598 Cicero
1063 1566 1169 1604 fuerit,
1183 1568 1322 1607 quantus
1334 1566 1419 1598 vitae
1433 1566 1591 1607 magister.

73 1624 124 1662 Et,
145 1627 182 1656 ut
202 1625 415 1665 eloquentiam
435 1628 568 1662 taceam,
589 1625 622 1654 in
642 1634 706 1664 qua
725 1633 841 1661 omnes,
864 1624 918 1664 qui
937 1627 1012 1655 ante
1032 1634 1064 1655 se
1080 1624 1197 1664 quique
1217 1626 1286 1663 post
1299 1633 1332 1654 se
1347 1624 1484 1661 fuerunt,
1507 1628 1592 1655 ante-

71 1682 177 1720 cessit,
197 1682 285 1723 legat
305 1682 373 1723 ejus
391 1682 497 1721 libros5
525 1682 581 1722 qui
601 1691 715 1722 magno
741 1682 864 1722 praetio
891 1681 977 1722 apud
997 1681 1104 1713 doctos
1130 1681 1299 1719 habentur,
1327 1683 1394 1719 aut,
1421 1681 1449 1712 si
1468 1680 1592 1712 difficile

71 1742 165 1781 putet
189 1739 292 1771 multa
312 1739 427 1780 legere,
449 1750 522 1771 eum
545 1742 654 1771 tamen
674 1739 818 1771 libellum
831 1739 887 1780 qui
906 1741 953 1771 est
971 1740 1008 1771 de
1027 1739 1136 1780 officiis
1155 1739 1270 1771 videat.
1292 1739 1429 1780 Adjiciet
1449 1739 1589 1779 profecto

71 1797 285 1838 superioribus
298 1796 409 1834 titulis,
429 1800 466 1828 ut
481 1799 513 1828 et
527 1797 746 1837 philosophum
759 1800 816 1828 aut
829 1800 935 1829 certae
954 1797 1172 1837 philosophiae
1193 1797 1321 1829 doctum
1335 1796 1482 1837 appellet.
1501 1796 1590 1835 Quod

71 1854 100 1886 si
117 1856 150 1886 et
168 1854 250 1886 illud
270 1855 358 1893 sciat,
378 1858 518 1896 quantus
532 1855 580 1886 vir
599 1855 633 1886 in
653 1854 904 1886 administranda
922 1854 1087 1895 republica
1109 1854 1215 1886 Cicero
1236 1854 1341 1892 fuerit,
1362 1855 1408 1886 ita
1422 1858 1458 1886 ut
1479 1855 1590 1886 datum

73 1912 103 1943 ei
123 1912 164 1943 sit
183 1922 204 1943 a
222 1922 255 1943 se
274 1913 414 1953 patriam
434 1915 601 1950 servatam,
621 1912 819 1953 Senatusque
832 1912 861 1943 ei
881 1912 1068 1953 plerumque
1082 1912 1200 1953 gratias
1222 1912 1321 1953 egerit
1341 1912 1381 1944 de
1400 1912 1480 1943 bene
1501 1914 1589 1951 gesta

72 1969 246 2010 republica,
267 1980 330 2001 non
354 1979 428 2001 eum
447 1970 495 2001 ita
512 1979 640 2010 prorsus
659 1969 902 2011 aspernabatur,
929 1980 1037 2010 quum,
1067 1980 1137 2002 meo
1158 1969 1287 2010 quidem
1303 1969 1431 2010 judicio,
1459 1970 1586 2010 majoris

70 2026 246 2068 splendoris
266 2027 316 2065 sit,
337 2027 432 2059 fuisse
452 2030 529 2058 tunc
550 2027 584 2058 in
603 2027 769 2068 republica
786 2037 919 2059 romana
939 2030 1138 2068 potestatem,
1163 2037 1260 2068 quam
1283 2037 1367 2059 nunc
1387 2027 1480 2058 unius
1501 2027 1590 2059 urbis

70 2084 122 2116 vel
141 2084 304 2124 preclarae
331 2084 493 2116 dominum
521 2094 594 2116 esse.
621 2086 665 2116 At
692 2084 731 2116 de
759 2084 906 2116 Cicerone
932 2085 1018 2122 satis,
1049 2085 1091 2117 ad
1117 2084 1286 2126 Virgilium
1312 2084 1406 2116 redeo
1427 2087 1459 2116 et-
1478 2087 1587 2125 poetas

71 2143 222 2179 caeteros,
236 2152 314 2182 quos
329 2141 504 2183 hystriones
523 2141 610 2174 dicit.
625 2142 650 2174 O
663 2142 863 2183 sacrilegium
882 2142 1068 2183 indignum!
1090 2141 1186 2174 Vates
1201 2152 1279 2183 quos
1293 2142 1412 2174 divinos
1426 2142 1589 2182 appellare

68 2198 192 2239 justum
205 2201 264 2237 est,
285 2198 336 2230 hic
348 2199 524 2240 hystriones
538 2199 629 2231 facit!
653 2198 743 2238 Quod
761 2199 823 2230 nisi
834 2209 885 2231 me
897 2199 979 2231 illud
994 2199 1136 2232 Ciceroni
1149 2201 1292 2231 teneret:
1314 2209 1375 2231 non
1388 2209 1452 2231 esse
1466 2199 1588 2239 quidem

72 2257 174 2288 tutum
186 2256 221 2287 in
233 2265 282 2288 eos
301 2257 441 2295 scribere,
455 2257 510 2297 qm
520 2259 656 2297 possunt
667 2257 861 2297 proscribere,
883 2257 1042 2289 acerbiore
1056 2257 1129 2289 stilo
1142 2257 1226 2289 hanc
1245 2256 1395 2298 injuriam
1409 2257 1585 2288 ulciscerer.

69 2311 131 2344 Sed
151 2313 280 2345 venturi
297 2313 376 2345 mihi
396 2314 536 2352 credent,
556 2316 590 2346 et
608 2314 776 2355 scriptores
798 2325 866 2347 rem
885 2315 968 2347 male
991 2315 1130 2346 audient.
1161 2314 1302 2355 Cumque
1322 2314 1402 2346 1111111
1423 2314 1484 2346 erit
1503 2313 1589 2354 quod

69 2369 214 2408 timeant,
233 2370 385 2402 libertate
405 2371 531 2403 dicendi
551 2371 695 2403 defuncti
715 2373 899 2404 memoriam
918 2372 1112 2404 lacerabunt.
1134 2371 1361 2403 Verumtamen
1385 2372 1465 2403 scire
1485 2371 1526 2403 ab
1547 2381 1584 2403 eo

67 2426 172 2465 velim,
193 2438 250 2459 cur
271 2438 310 2459 ex
330 2428 435 2460 aliena
455 2429 534 2461 urbe
555 2429 730 2470 hystriones
750 2429 902 2470 appellat,
931 2440 1009 2470 quos
1028 2430 1063 2461 in
1082 2430 1170 2461 curia
1190 2440 1250 2461 sua
1269 2430 1402 2467 nutriat,
1431 2432 1489 2461 aut
1508 2431 1586 2470 quot

67 2484 154 2523 alios,
174 2485 369 2526 importunos
390 2496 427 2517 ac
442 2497 618 2527 numquam
638 2490 771 2525 saturos,
792 2487 915 2528 magnis
934 2487 1117 2519 muneribus
1131 2488 1236 2525 donet,
1259 2487 1353 2525 hunc,
1374 2487 1429 2527 qui
1450 2487 1529 2518 nihil
1544 2486 1585 2518 ab

66 2551 104 2585 eo
114 2545 248 2582 peteret,
258 2545 326 2575 tam
338 2543 476 2584 turpiter
492 2544 642 2585 ejecisset.
652 2544 772 2576 Honori
786 2545 846 2576 sibi
856 2544 961 2577 Julius
971 2545 1085 2577 Caesar
1101 2545 1202 2582 duxit,
1213 2547 1249 2576 ut
1263 2544 1376 2576 talium
1390 2544 1586 2586 hystrionum

66 2608 199 2632 numero
219 2602 309 2639 esset,
329 2594 426 2642 atque
445 2602 480 2633 in
501 2612 611 2634 eorum
630 2601 760 2643 collegio
781 2602 931 2642 frequens
948 2602 1060 2634 aderat
1081 2603 1232 2643 quoniam
1245 2601 1336 2640 nulli,
1356 2602 1500 2642 quamvis
1521 2612 1585 2633 am-

65 2655 204 2697 plissimo
223 2658 293 2696 civi,
319 2661 413 2700 turpe
434 2661 504 2691 erat
523 2662 651 2700 poetam
671 2669 746 2692 esse.
774 2659 816 2691 Et
835 2660 996 2701 Augustus
1016 2669 1131 2701 magno
1152 2658 1280 2701 quidem
1307 2659 1411 2692 studio
1431 2659 1585 2700 poeticam
