1845 3076
262 158 319 188 122
889 166 914 188 P.
936 166 962 188 P.
984 166 1130 189 VERGEmo

252 250 320 290 jam
345 259 444 289 paene
464 249 567 288 rebus,
593 259 656 280 non
677 251 724 280 est
749 248 800 280 hic
826 249 962 280 multum
989 249 1074 289 quod
1093 260 1155 281 non
1183 249 1245 281 cito
1274 250 1428 291 facileque
1448 251 1571 282 vorari¹
1598 252 1703 292 possit.
1723 253 1764 284 Et

255 317 321 347 ego,
352 306 391 337 ob
412 308 588 346 suspectam
617 306 699 337 aeris
730 306 957 346 intemperiem,
988 309 1021 337 et
1046 306 1219 338 vicinorum
1248 307 1385 339 locorum
1413 308 1621 346 infectionem,
1649 309 1764 341 incolu-

254 363 359 394 mitati
376 363 504 394 studens
518 364 538 401 2,
566 373 640 394 curo
661 365 697 394 ut
717 363 834 394 laxiore
849 364 860 380 ³
888 363 945 394 sim
971 366 1092 395 ventre.
1120 364 1168 395 De
1189 374 1225 395 eo
1246 374 1319 396 vero
1338 365 1422 405 quod
1442 367 1474 396 te
1494 368 1595 406 urget,
1622 367 1760 406 compati

256 420 383 461 quidem
404 430 528 460 possum
542 422 606 457 aut,
621 420 705 460 quod
727 430 793 460 ago,
809 422 912 451 tecum
929 421 1038 461 jocari,
1059 420 1206 452 auxiliari
1226 423 1333 452 autem
1354 432 1415 453 non
1436 424 1482 453 est
1503 422 1591 462 copia
1602 422 1622 453 ⁴.
1636 422 1764 461 Verum,

256 479 293 508 ut
306 487 361 517 pro
376 477 501 508 consilio
523 477 684 508 consilium
705 477 844 515 reddam,
867 487 929 508 non
950 477 1043 517 quale
1057 479 1158 515 tuum,
1179 477 1233 508 sed
1248 488 1304 518 pro
1319 478 1407 509 arido
1425 479 1528 510 virens
1541 482 1572 510 et
1587 479 1703 518 efficax,
1716 479 1763 512 ita

254 534 293 565 de
307 536 338 565 te
353 534 461 566 sentio.
477 533 509 565 Si
522 537 588 565 tam
601 534 733 574 diligens
755 534 849 564 fueris
864 537 980 574 petere,
1002 544 1122 574 capere,
1137 545 1259 574 rapere,
1282 545 1377 575 quam
1391 535 1465 567 olim
1480 546 1550 567 eras
1565 536 1651 574 dare,
1672 536 1765 568 facile

254 591 422 629 obtinebis,
445 594 481 622 ut
501 601 563 622 non
584 601 682 632 egeas.
705 591 790 622 Haec
805 591 816 608 ⁵
837 602 875 622 ne
897 591 1026 623 forsitan
1041 592 1051 608 ‘⁵
1071 591 1178 622 videar
1198 592 1361 623 inhonesta
1381 593 1521 630 suadere,
1536 593 1622 633 apud
1642 603 1713 624 eum
1732 598 1765 625 te

252 649 348 690 jubeo
370 649 585 688 importunum
605 658 669 679 esse
689 651 784 688 atque
805 649 909 686 etiam,
931 649 957 680 si
979 659 1056 688 opus
1079 651 1135 685 est,
1155 648 1335 687 violentum,
1356 650 1410 689 qui
1428 649 1503 681 dare
1524 650 1661 690 plurima
1683 650 1765 682 solus

252 708 364 746 potest,
379 705 495 745 quique
511 717 572 746 quo
586 706 678 746 plura
692 705 747 736 dat
762 716 797 736 eo
813 716 935 746 semper
950 706 1047 745 magis
1062 705 1212 737 abundat.
1226 705 1271 736 De
1286 716 1335 737 me
1347 716 1419 737 vero
1433 707 1476 737 sic
1491 709 1605 744 statuo,
1618 707 1765 747 quoniam

256 763 408 795 induxisti
419 764 429 780 ⁷
443 764 519 794 mihi
534 767 653 795 metum
666 763 795 794 inediae.
814 763 884 794 Non
899 763 987 794 venio
1001 763 1059 793 nisi
1073 763 1121 794 vel
1135 765 1170 793 tu
1185 763 1326 794 abundes
1342 764 1391 794 vel
1406 774 1462 804 ego
1476 774 1538 795 non
1553 774 1668 804 egeam.

318 821 484 852 Dominum
499 821 658 851 Andream
679 820 910 860 praepositum8
932 820 1219 851 wadislaviensem
1231 821 1241 837 ⁹
1261 820 1356 852 audio
1372 820 1500 852 Romam
1515 821 1642 853 venisse.
1656 821 1766 852 Virum

253 879 353 916 illum,
368 881 403 908 ut
419 878 507 915 nosti,
522 878 679 918 integrum
695 880 791 917 atque
805 878 887 908 omni
902 878 1056 908 suavitate
1078 877 1207 917 plenum
1222 878 1251 915 ¹⁰,
1274 888 1367 917 quem
1388 878 1449 909 scio
1469 878 1581 918 cupide
1595 888 1651 918 per
1668 880 1700 909 te
1714 878 1755 909 vi-

255 936 337 973 disti,
359 945 427 966 meo
451 935 547 965 etiam
568 935 691 965 nomine
721 935 861 974 precox-¹¹
884 934 1116 974 amplectari-0¹².
1138 934 1265 966 Carolus
1291 934 1372 965 Zeno
1384 935 1406 952 ¹³
1427 935 1465 966 ob
1488 935 1686 974 pestilentem
1700 935 1760 966 cla-

256 994 337 1029 dem,
357 1002 437 1031 quae
459 992 570 1022 urbem
592 991 795 1022 Veneti-arum
817 991 938 1028 invasit,
960 991 1000 1022 ad
1020 1002 1074 1022 nos
1095 991 1232 1022 divertit.
1252 991 1324 1022 Post
1345 991 1495 1031 plurimos
1507 992 1527 1008 ¹⁴
1549 1002 1646 1023 annos
1665 992 1756 1023 illum

255 1060 338 1080 nunc
352 1049 414 1079 vidi
428 1049 572 1088 primum,
587 1059 644 1079 noc
664 1049 753 1079 annis
775 1048 910 1079 fractum
931 1058 987 1079 nec
1006 1048 1142 1079 adversis
1166 1049 1296 1087 casibus,
1323 1049 1377 1080 sed
1392 1048 1494 1079 valido
1516 1059 1643 1089 corpore
1664 1052 1763 1089 atque

257 1109 360 1138 erecto
373 1106 484 1136 animo.
508 1106 623 1146 Magna
646 1106 721 1135 niihi
737 1108 861 1136 nostrae
882 1106 969 1136 urbis
983 1105 1116 1136 felicitas
1137 1105 1201 1136 visa
1217 1108 1272 1143 est,
1293 1105 1415 1136 licuisse
1436 1108 1561 1137 tantum
1580 1107 1691 1143 virum,
1712 1105 1764 1137 vel

256 1164 289 1194 in
309 1163 440 1194 adversa
462 1163 527 1203 ejus
548 1162 684 1200 fortuna,
707 1163 819 1194 videre.
843 1163 905 1203 Ego
927 1166 1041 1200 autem,
1060 1166 1094 1193 ut
1110 1163 1269 1203 ingenium
1293 1166 1339 1194 est
1364 1163 1440 1193 mihi
1464 1163 1598 1202 proclive
1625 1163 1761 1195 illustres

257 1221 337 1252 viros
358 1220 467 1257 colere,
490 1220 574 1251 omni
595 1220 699 1250 studio
719 1220 808 1251 illum
829 1230 969 1257 veneror,
991 1219 1131 1250 assiduus
1153 1220 1288 1257 comitor,
1310 1231 1346 1251 ac
1368 1220 1494 1251 sedulus
1510 1220 1538 1251 ei
1552 1220 1668 1252 assisto.
1680 1221 1759 1251 Mul-

255 1281 306 1310 tus
321 1278 408 1309 nobis
424 1278 462 1308 de
477 1280 507 1307 te
522 1287 630 1314 sermo,
646 1278 818 1318 crebraque
834 1277 991 1309 memoria.
1013 1277 1060 1307 Tu
1077 1288 1200 1317 quoque
1216 1277 1346 1308 vicissim
1361 1278 1411 1309 fac
1427 1278 1603 1309 memineris
1624 1278 1721 1309 nostri
1737 1278 1758 1295 ¹⁵

256 1335 423 1367 interdum.
448 1334 526 1365 Vale
548 1335 579 1364 ¹⁶.

930 1594 1095 1625 LXXXIX.

704 1687 901 1719 IOANNI
942 1687 1261 1718 RAVENNATI
1288 1687 1310 1704 ¹⁷

738 1771 864 1799 ninum,
880 1771 900 1793 x
914 1771 980 1793 ΚΑΒ.
998 1771 1142 1800 ocroems,
1158 1763 1242 1793 1395.
1256 1763 1277 1780 ¹³

519 1840 582 1875 (ΒΓ.
597 1849 628 1874 p.
648 1840 705 1872 59;
725 1856 756 1858 ⁷
782 1838 832 1866 Gr.
852 1847 880 1865 n.
898 1838 956 1871 36;
977 1855 1008 1857 —
1028 1838 1099 1866 PM.
1119 1847 1140 1866 c.
1161 1839 1238 1871 122;
1260 1855 1291 1857 4
1310 1839 1373 1866 ΡΡ.
1392 1848 1421 1867 n.
1440 1840 1510 1875 403

319 1931 390 1962 Non
406 1929 496 1961 inodo
512 1928 589 1959 nihil
606 1927 734 1959 offendit
758 1926 854 1966 (quod
868 1928 902 1956 tu
919 1926 1050 1957 fortasse
1070 1926 1187 1957 veritus
1202 1927 1247 1966 es)
1270 1926 1323 1958 sed
1344 1929 1508 1966 tantopere
1529 1927 1698 1959 delectavit
1719 1939 1769 1960 me

262 1989 362 2020 oratio
375 1990 441 2024 tua,
457 1989 492 2017 ut
506 1996 627 2016 omnem
645 1995 740 2024 prope
755 1984 870 2024 gloriae
892 1983 1124 2023 voluptatisque
1147 1982 1293 2020 fructum,
1314 1994 1407 2023 quem
1424 1994 1461 2015 ex
1474 1984 1585 2016 studiis
1606 1985 1683 2017 meis
1701 1996 1769 2018 con-

261 2045 350 2085 sequi
371 2044 539 2084 aliquando
561 2052 693 2082 possum⁷
716 2042 772 2071 hoc
794 2051 855 2070 uno
875 2042 930 2071 tuo
947 2039 1065 2080 judicio
1085 2043 1291 2080 assequutum
1312 2051 1361 2072 me
1376 2042 1558 2072 arbitrarer.
1584 2041 1665 2080 Quid
1684 2044 1768 2075 enim

261 2103 336 2134 mihi
352 2101 505 2142 praestari
518 2099 652 2139 amplius
663 2110 681 2129 a
693 2099 822 2129 caeteris
833 2100 945 2137 potest,
957 2100 1021 2135 aut,
1033 2098 1058 2128 si
1071 2100 1257 2137 praestetur,
1270 2109 1365 2138 quam
1379 2099 1484 2139 magni
1500 2099 1577 2130 mihi
1588 2100 1767 2132 faciendum

271 2209 277 2224 1
299 2203 479 2234 PP,11-m·saress
1035 2201 1056 2216 ¹2
1075 2199 1106 2226 R.
1126 2200 1292 2233 anffleetere

270 2253 281 2269 2
300 2251 354 2278 ΡΡ.
368 2248 480 2277 studeas
1032 2245 1052 2261 ¹³
1072 2244 1117 2272 ΒΥ.
1136 2244 1168 2271 81
1195 2243 1245 2271 Vir
1265 2244 1387 2272 illustris
1410 2244 1532 2273 Carolus

269 2297 281 2313 3
300 2295 375 2322 Ram.
391 2292 511 2321 I1‹.1·1'u)‘is
526 2292 555 2319 in
1032 2289 1053 2306 1⁴
1074 2288 1118 2316 Br.
1137 2289 1169 2315 81
1184 2289 1286 2323 plures

270 2341 281 2357 4
302 2339 354 2366 ΡΡ.
369 2338 415 2365 Gr.
429 2338 476 2365 Ra.
492 2336 609 2364 ss12PM,
625 2335 721 2369 inopia
1029 2333 1050 2350 ¹5
1070 2333 1123 2360 ΡΡ.
1144 2333 1213 2365 mei;
1233 2333 1309 2361 Rani.
1332 2333 1474 2361 interdum
1493 2336 1592 2364 nostri.

271 2386 282 2402 5
301 2381 377 2410 Ramj
396 2382 455 2409 lmc.
476 2380 519 2408 Gli
540 2379 604 2407 altri
625 2380 658 2406 lte
1028 2378 1049 2394 ¹⁶
1068 2378 1113 2404 Br.
1133 2377 1167 2403 80
1192 2377 1272 2404 Tuus
1292 2378 1326 2406 P.
1345 2378 1380 2405 P.
1406 2377 1436 2406 V.

270 2430 282 2446 e.
300 2428 334 2455 In
354 2426 450 2454 binum
468 2425 535 2452 dove
553 2424 679 2458 forsitan
698 2423 727 2450 in
746 2421 873 2457 parocchi
899 2421 992 2450 codici.
1029 2422 1049 2438 ¹⁷
1068 2421 1209 2455 Risponde
1237 2421 1283 2448 all'
1297 2421 1414 2456 epistola
1444 2422 1549 2457 (datata
1580 2424 1701 2462 Muglae‚
1731 2426 1768 2456 id.

272 2473 283 2489 τ
303 2472 347 2500 Br.
367 2471 400 2497 51
421 2471 466 2498 Gr,
486 2469 534 2504 R&
554 2469 614 2496 PM.
636 2467 779 2495 incussisti
1068 2466 1138 2500 sept.
1168 2465 1255 2501 1395.)
1275 2466 1324 2493 che
1352 2465 1532 2496 incomincia:
1559 2468 1692 2498 Dictione
1720 2472 1769 2499 tua

273 2518 284 2534 s
303 2515 355 2543 ij
375 2515 459 2542 codici
472 2513 663 2549 propositam.
1069 2510 1177 2545 quoties
1195 2519 1237 2538 me
1257 2511 1387 2545 difflzaris
1404 2519 1462 2538 non
1481 2512 1572 2540 solum
1584 2514 1768 2548 jucunditate
1807 2520 1812 2523 ‘

273 2561 284 2577 ⁹
303 2561 348 2587 Br.
368 2560 422 2587 ΡΡ.
444 2558 488 2586 M.
502 2555 773 2587 ΙΛιιῖίεΙαΓὶαηεεηις
786 2555 818 2583 R.
839 2554 999 2582 Vranusiae
1070 2555 1166 2587 reficis
1186 2576 1296 2583 .....

262 2604 283 2621 10
301 2604 377 2631 Ram,
397 2611 478 2637 quem
499 2602 555 2628 tota
574 2600 640 2627 urbs
660 2599 791 2626 Arimini
810 2598 883 2625 tollit
901 2599 927 2626 et
1033 2599 1054 2616 18
1072 2598 1133 2625 PM.
1147 2599 1228 2626 nota:
1245 2611 1255 2621 «
1268 2598 1302 2625 In
1318 2599 1461 2627 vetustiori
1474 2601 1562 2629 codice
1578 2602 1619 2629 col
1633 2603 1691 2631 tum
1706 2604 1768 2639 (sic)

259 2648 280 2665 ¹1
301 2647 362 2674 Cosi
382 2648 425 2674 ΒΓ.
444 2646 476 2673 sl
497 2655 510 2672 e
530 2645 560 2672 R.
581 2643 626 2671 Gli
644 2642 710 2670 altri
723 2643 975 2676 omcttonopreeor.
1066 2642 1140 2669 1395
1161 2641 1359 2670 desiderantur.
1376 2654 1386 2666 »
1410 2643 1456 2670 nel
1475 2644 1520 2673 ΒΓ,
1541 2653 1636 2673 manca
1651 2646 1752 2677 ranno·
