1845 3076
237 148 295 178 158
870 155 895 177 P.
917 155 944 177 P.
965 155 1114 178 VERGERIO

954 313 1031 345 CIII.

907 407 934 438 S.
957 408 984 438 d.
1008 417 1032 438 e.
1056 407 1074 438 i.

589 481 653 516 (Br.
669 490 699 516 p.
720 481 761 508 23
775 483 811 510 t..·
884 482 955 510 PM.
974 491 995 509 c.
1015 484 1054 509 κδ’
1070 485 1086 510 t.
1099 491 1107 510 :
1151 499 1154 500 ν
1180 483 1242 510 ΡΡ.
1263 492 1289 510 v.
1309 484 1388 518 84.)1

312 570 322 586 ²
335 569 401 607 Quo
416 570 514 609 magis
536 569 603 609 ipse
620 579 741 600 mecum
764 570 869 605 miror,
891 569 1089 609 quorundam
1106 570 1199 601 fuisse
1212 571 1244 600 in
1260 581 1309 601 me
1326 571 1393 611 jani
1413 574 1508 603 antea
1527 572 1633 603 odium
1654 573 1744 605 vehe-

231 636 319 657 mens
341 625 519 663 conflatum,
540 637 612 657 011111
634 627 758 666 quibus,
780 630 919 658 extremo
940 630 1114 664 contentus,
1137 638 1239 667 neque
1255 628 1294 658 de
1308 628 1375 659 loco
1395 629 1626 667 contenderem,
1642 640 1745 670 neque

231 684 270 715 de
290 694 324 715 re
339 684 404 715 ulla
421 684 464 715 eis
484 684 632 715 adversus
644 684 654 701 3
676 694 783 721 essem,
803 695 996 724 quamquam
1010 685 1069 715 11οο
1090 685 1190 724 ipsum
1207 685 1337 716 fortasse
1359 686 1575 717 adversarium
1596 698 1646 718 me
1660 687 1741 719 sibi⁴

231 741 461 777 existimarent,
483 741 567 781 quod
582 742 592 758 ⁵
612 741 816 773 intollerabili
838 752 945 772 eorum
967 742 1133 781 superbiae
1150 743 1160 758 ⁰
1180 752 1241 773 non
1264 742 1469 782 obsequebar,
1488 744 1635 784 quodque
1648 745 1658 761 ⁷
1678 755 1741 776 non

231 809 317 829 eram
332 798 439 829 similis
454 799 506 834 eis,
522 799 562 829 ad
577 809 699 830 01110001
714 799 871 838 injuriam,
886 799 1055 838 praecipue
1070 810 1142 831 vero
1158 799 1198 830 ad
1213 799 1440 831 detractionem
1455 799 1747 842 oppressionemque

230 855 384 893 laborum,
406 866 529 895 semper
549 857 670 896 paratis
684 856 702 887 ⁸.
726 858 767 887 At
783 857 793 873 ⁹
814 867 916 896 neque
933 857 953 873 ¹⁰
973 867 1046 887 vero
1068 857 1169 887 minus
1191 860 1238 887 est
1259 860 1294 887 ut
1313 858 1379 897 jam
1400 858 1505 896 mirer,
1527 858 1582 889 hos
1602 859 1744 898 perditis-

232 915 327 946 simos
341 915 489 951 homines‚
511 915 628 945 invidia
643 915 803 951 adductos,
823 914 929 945 conari
951 914 1051 944 varios
1066 914 1103 945 de
1121 925 1168 945 1110
1184 915 1322 946 sinistros
1344 925 1484 946 rumores
1500 916 1645 947 excitare.
1661 916 1745 948 Nam

231 972 265 1004 hi
288 972 414 1012 quidem
430 973 449 989 ¹¹
479 973 563 1012 apud
590 973 805 1004 Innocentium
829 972 898 1010 VH,
919 983 1074 1004 summum
1096 973 1274 1013 pontificem
1296 974 1436 1013 proxime
1462 974 1527 1005 vita
1551 974 1746 1012 defunctum,

231 1040 302 1060 011111
323 1029 461 1068 plurima
482 1033 616 1069 possent.
638 1040 673 1060 ac
695 1030 760 1060 fere
781 1030 893 1067 omnia,
915 1040 972 1070 per
993 1031 1076 1061 illius
1098 1027 1283 1070 patientiam
1300 1032 1329 1067 ¹²,
1351 1031 1604 1062 administrarem
1617 1031 1638 1049 ¹³
1660 1032 1744 1071 (erat

231 1087 313 1118 enim
334 1086 398 1123 ille,
414 1087 471 1117 etsi
487 1087 551 1117 vita
571 1087 670 1117 bonus
687 1090 718 1118 et
734 1087 877 1127 princeps
898 1087 1156 1125 elegantissimus,
1172 1088 1330 1119 nonnullis
1345 1091 1452 1119 tamen
1466 1098 1539 1119 usus
1558 1089 1710 1120 ministris
1722 1088 1744 1106 ¹⁴

230 1154 292 1174 non
307 1144 408 1179 bonis)
424 1154 507 1175 1111110
528 1154 608 1181 vero,
624 1145 688 1175 suis
709 1145 869 1175 demeritis
882 1145 903 1161 ¹5
923 1145 1031 1185 rejecti
1053 1148 1148 1184 atque
1171 1145 1296 1186 abjecti,
1312 1156 1360 1176 me
1375 1148 1506 1176 cernant
1520 1155 1624 1176 meum
1639 1145 1743 1176 locum

230 1204 391 1232 tenentem
414 1212 432 1232 a
453 1212 514 1241 quo
535 1201 689 1241 repellere
710 1212 803 1241 saepe
825 1202 928 1232 conati
948 1206 1030 1239 sunt,
1052 1202 1258 1242 indignantur
1280 1202 1482 1242 permaxime,
1503 1212 1671 1242 meumque
1690 1202 1743 1233 ho-

229 1268 338 1289 norem
359 1268 447 1289 suam
469 1269 535 1289 esse
557 1258 666 1289 dicunt
686 1259 897 1298 ignominiam.
919 1260 983 1299 Ego
1005 1260 1096 1296 enim,
1120 1260 1177 1290 Dei
1199 1260 1310 1300 gratia,
1333 1270 1395 1290 non
1415 1260 1492 1291 meis
1513 1259 1633 1291 meritis
1654 1259 1740 1300 apud

231 1315 315 1346 hunc
329 1326 484 1346 summum
499 1316 678 1355 pontificem
695 1316 879 1356 Gregorium
892 1316 951 1347 ΧΠ
967 1327 1045 1353 sum,
1061 1320 1092 1347 et
1104 1317 1223 1357 jndicio
1237 1320 1268 1348 et
1281 1317 1500 1348 benevolentia
1513 1327 1576 1348 non
1588 1317 1708 1349 minore
1720 1317 1742 1335 ¹⁶

232 1383 327 1413 quam
343 1373 427 1413 apud
448 1373 538 1403 illum
553 1374 607 1410 fui,
629 1374 682 1413 qui
697 1385 745 1405 me
767 1377 849 1405 certe
863 1375 884 1391 ¹⁷
903 1375 1074 1414 plurimum
1096 1385 1150 1406 suo
1165 1375 1276 1405 merito
1297 1375 1418 1412 dilexit,
1440 1374 1655 1406 familiaritate
1669 1385 1743 1406 vero

233 1431 329 1461 etiam
357 1431 484 1471 majore,
513 1431 654 1471 utrisque
671 1432 691 1448 ¹⁸
719 1431 775 1467 his,
802 1436 838 1463 ut
860 1432 936 1463 mihi
964 1432 1089 1472 quidem
1116 1432 1231 1469 videor,
1257 1443 1317 1463 non
1344 1432 1508 1463 ambitiose
1535 1435 1592 1464 aut
1611 1432 1742 1464 alterius

229 1488 355 1528 injuria.
380 1488 508 1519 Praeter
529 1488 606 1519 haec
626 1499 708 1526 vero,
730 1490 805 1529 quid
823 1491 863 1521 sit
883 1491 914 1520 in
936 1501 985 1521 me
1001 1491 1051 1521 0111
1073 1490 1212 1522 invidere
1232 1491 1359 1531 possint,
1380 1502 1441 1522 non
1463 1491 1562 1528 video,
1584 1491 1648 1532 qui,
1671 1492 1708 1522 ut
1718 1490 1742 1508 ¹⁹

230 1555 332 1585 pauca
352 1545 501 1584 possideo,
522 1546 568 1576 ita
588 1546 689 1577 multa
709 1557 770 1578 non
792 1557 909 1587 quaero
925 1548 946 1564 ²⁰
967 1573 1119 1579 ......
1667 1536 1670 1540 ¹

237 2153 245 2169 ¹
267 2151 298 2180 V.
320 2160 387 2186 pure
406 2152 466 2180 Riv.
485 2152 567 2180 Univ.
586 2161 610 2180 a.
625 2152 673 2187 IX,
693 2152 747 2180 vol.
762 2152 852 2186 XXII,
872 2161 899 2187 p.
912 2153 963 2181 427
1001 2155 1022 2171 ¹0
1042 2155 1102 2183 PM.
1122 2163 1199 2182 nunc

235 2197 247 2214 ²
265 2196 327 2224 PM.
346 2197 429 2224 met-to
448 2196 539 2231 prima
562 2196 685 2231 puntini.
709 2197 777 2224 Pare
797 2196 894 2225 infatti
914 2197 962 2225 che
1000 2200 1019 2216 ¹1
1038 2199 1116 2227 Ram.
1136 2200 1236 2228 omette
1255 2199 1289 2227 da
1307 2199 1351 2227 At
1368 2208 1459 2235 neque
1477 2208 1495 2228 a
1512 2199 1544 2228 ln·
1561 2200 1678 2236 quidem

258 2240 368 2268 manchi
394 2240 414 2267 il
438 2240 576 2275 principio
601 2240 674 2268 della
698 2241 806 2275 lettera,
831 2250 904 2270 come
930 2251 964 2270 ne
1003 2245 1023 2261 ¹²
1042 2244 1097 2272 ΡΡ.
1112 2252 1169 2278 pro
1188 2243 1268 2271 illius
1280 2245 1426 2279 patientia

259 2293 356 2312 manca
383 2285 567 2313 sicuramente
590 2285 619 2313 la
641 2285 703 2313 fine.
724 2302 754 2304 —
781 2286 857 2315 Ram.
882 2286 912 2314 la
936 2286 964 2314 fa
1001 2289 1022 2306 12
1042 2287 1094 2315 Noi
1114 2288 1199 2315 codici
1219 2288 1425 2317 administrare

258 2330 337 2363 parte
358 2330 475 2357 soconda
495 2329 567 2357 della
586 2330 686 2358 lettera
709 2331 880 2365 Conceptum
1001 2334 1022 2351 1⁴
1040 2333 1067 2360 N
1070 2333 1092 2359 ei
1111 2333 1197 2360 codici
1217 2342 1230 2360 0
1251 2334 1326 2362 Ram.
1347 2335 1387 2362 est
1404 2334 1548 2362 ministris

233 2374 244 2389 ³
262 2372 316 2401 ΡΡ.
337 2373 489 2400 wlrrrsmn
1002 2379 1023 2395 ¹5
1043 2378 1094 2406 Pp,
1113 2379 1171 2405 sive
1190 2377 1223 2406 de
1241 2378 1352 2406 meritis

234 2418 244 2434 ⁴
264 2417 318 2445 ΡΡ.
340 2417 388 2445 tibi
998 2423 1019 2440 1⁶
1040 2422 1084 2450 ΒΓ.
1105 2422 1158 2450 ΡΡ.
1180 2431 1237 2450 non
1256 2423 1411 2459 ηιίνιονειης
1431 2423 1491 2452 ΡΜ.
1511 2424 1609 2451 minor

235 2462 246 2479 ⁵
265 2461 319 2490 ΡΡ.
339 2462 410 2496 quia
1001 2468 1022 2484 ¹⁷
1042 2467 1087 2494 ΒΓ.
1107 2466 1167 2495 ΡΜ.
1187 2467 1238 2502 qui
1256 2469 1346 2501 certe;
1366 2467 1418 2495 ΡΡ.
1438 2468 1488 2503 qui
1507 2469 1582 2496 reete

233 2507 244 2523 ὓ
264 2506 310 2534 Br.
330 2506 392 2536 PM.
414 2507 469 2535 ΡΡ.
489 2508 624 2542 superbia
1003 2512 1025 2528 ¹⁸
1044 2512 1088 2539 Br.
1109 2511 1163 2539 ΡΡ.
1187 2513 1324 2547 ιιΐναᾳαες
1342 2512 1402 2540 PM.
1422 2513 1525 2541 habere

234 2551 245 2567 ⁷
264 2550 319 2578 ΡΡ.
339 2551 410 2585 quia
428 2551 543 2586 quidem
1000 2556 1022 2574 ¹⁹
1042 2555 1096 2584 ΡΡ.
1116 2558 1167 2583 aut

234 2595 245 2611 ⁸
263 2595 319 2622 ΡΡ.
332 2597 458 2630 paratus
998 2601 1020 2618 '²⁰
1042 2600 1094 2629 ΡΡ.
1114 2609 1210 2635 quero.
1230 2600 1349 2636 Reliqua
1368 2601 1468 2630 desunt

232 2639 245 2656 ⁹
258 2638 300 2666 At
313 2639 417 2667 trovasi
429 2648 527 2675 spesso
541 2641 832 2679 unitoadenimmero,
840 2644 983 2672 enimvero
