1845 3076
740 183 875 206 srisrotn
1507 178 1559 208 151

63 287 99 291 —
121 269 178 299 ac¹
201 267 255 298 ille
276 269 450 309 praecipue,
478 269 647 309 sagacitate
676 267 920 304 florentinorum,
947 269 999 307 qui
1022 279 1082 300 non
1103 269 1202 300 solum
1223 269 1316 299 armis
1338 279 1444 300 verum
1466 270 1561 301 etiam

63 325 257 366 opinionibus
278 325 362 357 bella
375 329 497 366 gerunt,
519 326 633 356 iterum
655 327 750 364 atque
773 326 886 356 iterum
907 326 947 356 ad
969 337 1024 357 nos
1045 326 1174 363 relatus,
1202 327 1363 358 advenisse
1384 328 1415 358 in
1436 327 1561 358 Italiam

62 382 204 414 comitem
233 383 410 414 Arnzim'aei
439 393 508 413 cuni
539 382 709 422 grandibus
729 382 739 398 ‘¹
767 383 880 422 copiis,
913 382 1115 422 laturumque
1144 383 1227 423 parti
1258 387 1381 415 nostrae
1412 384 1562 424 subsidia,

60 439 219 476 hactenus,
235 442 271 470 ut
285 449 334 470 res
355 439 503 476 indicant,
518 439 582 470 solo
603 439 725 469 nomine
747 439 957 470 metuendum.
980 439 1024 470 De
1040 450 1099 479 quo
1115 440 1190 479 quid
1211 441 1342 471 sentiani
1359 441 1428 473 aliis
1450 441 1562 472 litteris

59 506 79 528 a
99 506 147 528 me
167 496 272 528 habes
295 496 386 528 Nunc
407 499 552 536 caeptum
574 506 743 536 prosequar
758 498 776 526 ³.

139 553 245 585 Nostri
266 553 307 586 ad
328 553 431 584 Olium
452 553 597 585 veniunt:
621 553 735 584 vadum
756 553 787 583 in
809 553 948 584 inferiori
969 554 1105 584 fluminis
1126 557 1215 593 parte
1231 554 1271 585 ad
1293 555 1375 586 latus
1396 555 1562 586 molendini

60 610 184 642 difficile
205 611 372 642 admodum
398 611 567 650 reperiunt.
596 610 663 648 Quo
684 610 750 642 loco
771 611 881 649 hostes,
909 613 1050 650 captasse
1071 620 1102 641 se
1123 612 1312 642 occasionem
1341 612 1562 650 existimantes,

58 678 123 709 qua
138 671 277 699 nostrum
293 668 464 699 exercitum
479 667 628 706 delerent,
645 678 741 707 quum
756 671 842 699 certa
856 678 927 707 pars
941 678 1062 698 amnem
1079 669 1087 684 ⁴
1110 671 1303 708 transgressa
1317 669 1366 706 sit,
1381 669 1533 709 reliquam
1551 670 1562 686 ⁵

60 725 187 766 aggredi
207 735 226 756 a
247 728 333 765 tergo
353 725 532 756 instituunt.
554 725 626 755 Dux
646 728 760 759 noster,
789 726 838 756 cui
859 725 936 755 nihil
957 735 1073 761 eorum,
1094 735 1174 764 quae
1203 726 1286 765 apud
1308 726 1411 757 hostes
1440 726 1561 764 fierent,

59 782 299 822 inexploratum,
315 782 455 822 nihilque
470 793 586 819 eorum,
608 793 687 822 quae
702 782 770 813 fieri
784 786 918 822 possent,
933 784 1095 815 incautum
1110 787 1187 821 erat,
1203 784 1375 815 funditores
1391 787 1420 829 et
1437 787 1562 815 caetera

56 839 282 880 impedimenta
297 839 418 879 praeire
436 839 527 880 jubet
542 849 654 879 eosque
668 840 701 870 in
716 840 846 871 adversa
867 840 1002 871 fluminis
1023 842 1091 881 ripa
1105 841 1196 878 locat,
1210 842 1388 877 admonens,
1404 843 1448 877 ut,
1464 851 1560 880 quum

57 896 193 937 primum
215 897 316 927 hostes
336 906 367 927 se
389 906 420 927 se
442 897 596 936 proximos
616 896 756 934 fecerint,
779 898 899 937 sagittis
919 901 951 929 et
972 899 1055 929 omni
1077 901 1302 929 tormentorum
1317 907 1429 938 genere
1451 897 1561 937 procul

57 953 206 999 abigant,
226 953 313 994 signa
333 953 445 984 deinde
466 956 498 985 et
518 953 672 993 reliquum
701 955 870 986 exercitum
903 955 1042 986 traducit
1062 955 1080 986 ⁴³.
1111 955 1170 992 Illi,
1196 958 1232 986 ut
1252 958 1467 994 conceperant,
1494 954 1563 986 reli-

56 1011 148 1051 quias
169 1013 201 1042 et
221 1010 318 1042 robur
337 1011 500 1048 exercitus,
522 1011 603 1050 quod
625 1011 665 1042 ad
686 1014 844 1042 caeterum
865 1012 998 1043 tutelam
1028 1015 1181 1052 postremo
1202 1012 1363 1043 dimissum
1391 1016 1468 1049 erat,
1489 1022 1559 1043 cum

56 1068 175 1108 ingenti
202 1067 337 1099 clamore
364 1068 548 1108 praecipites
575 1071 696 1108 petunt.
729 1068 834 1100 Nostri
857 1079 872 1100 e
895 1073 1005 1100 contra
1033 1070 1169 1101 animose
1190 1080 1222 1100 se
1249 1069 1390 1100 offerunt.
1423 1068 1562 1107 Quorum

56 1124 172 1156 virtute
198 1127 230 1156 et
254 1125 455 1156 multitudine
483 1125 618 1156 telorum
648 1125 780 1166 repulsis
807 1126 958 1163 hostibus,
991 1127 1049 1166 ipsi
1076 1127 1245 1157 incolumes
1272 1127 1454 1167 transgressi
1479 1129 1561 1163 sunt,

54 1192 187 1222 cumque
209 1182 352 1213 universo
373 1183 511 1213 exercitu
531 1183 592 1214 iter
606 1187 782 1223 properant.
806 1184 973 1214 Mintium⁷
995 1187 1063 1223 post
1083 1194 1115 1214 se
1131 1184 1323 1223 relinquunt,
1347 1186 1377 1214 et
1398 1184 1430 1214 in
1451 1194 1561 1223 agrum

59 1239 268 1271 Veronensem
290 1239 428 1276 veniunt,
458 1240 511 1270 ubi
537 1243 650 1271 cuncta
672 1241 832 1280 (quoniam
861 1241 963 1271 hostes
983 1241 1109 1272 Athesis
1133 1241 1217 1280 ripas
1238 1241 1434 1281 disjecerant,
1461 1243 1496 1271 ut
1517 1250 1562 1272 re-

59 1296 208 1328 deuntem
230 1296 402 1327 exercitum
423 1297 491 1328 viae
512 1297 662 1337 laterent)
684 1298 772 1338 aquis
793 1298 887 1338 plena
909 1299 1110 1338 comperiunt.
1134 1298 1195 1338 Ipsi
1216 1298 1418 1328 nihilominus
1438 1297 1562 1329 difficile

58 1355 119 1386 iter
138 1354 282 1392 subeunt,
304 1355 564 1395 prosequentibus
592 1355 730 1386 hostibus
753 1355 955 1395 quoadusque
976 1355 1134 1386 commode
1159 1358 1330 1395 potuerunt
1351 1356 1371 1392 ¹¹,
1398 1358 1429 1386 et
1449 1355 1565 1386 multas

59 1421 159 1452 aquas
174 1412 299 1449 emensi,
315 1415 460 1452 superato
480 1412 597 1449 Athesi,
619 1413 746 1452 sospites
767 1413 890 1452 integra
909 1413 997 1453 signa
1018 1412 1205 1444 retulerunt.
1226 1412 1315 1450 Quod
1336 1413 1361 1442 si
1382 1415 1565 1452 spectentur

58 1469 91 1500 in
110 1469 222 1500 nostris
243 1468 441 1500 difficultates
462 1469 620 1506 itinerum,
644 1470 786 1509 paucitas
807 1469 951 1507 militum,
972 1470 1171 1509 omniumque
1192 1480 1298 1501 rerum
1320 1470 1434 1509 inopia,
1462 1472 1558 1509 atque

57 1526 130 1557 inde
150 1529 239 1558 tutae
260 1529 292 1557 et
311 1526 502 1566 tranquillae
523 1526 657 1558 hostium
680 1527 837 1562 stationes„
854 1527 1061 1567 plurimorum
1082 1527 1216 1558 militum
1243 1527 1413 1558 multitudo
1428 1527 1449 1564 ⁹,
1465 1537 1565 1566 prom-

3 1607 11 1611 .
56 1585 173 1624 ptaque
189 1586 417 1615 commeatuum
429 1584 450 1600 ¹⁰
465 1584 563 1623 copia,
578 1594 614 1614 ac
627 1584 645 1601 ¹¹
668 1587 847 1623 provocatos
862 1585 963 1615 hostes
977 1595 1112 1624 pugnam
1129 1585 1287 1624 refugisse,
1302 1603 1339 1606 —
1355 1584 1446 1615 facile
1461 1583 1561 1623 quivis

40 1640 180 1678 dixerit,
212 1641 384 1672 exercitum
409 1644 558 1678 nostrum,
585 1644 620 1672 ut
647 1641 833 1679 incolumen,
865 1642 911 1672 ita
934 1641 1082 1673 victorem
1114 1642 1247 1673 rediisse.
1275 1642 1310 1672 Id
1331 1642 1389 1673 sibi
1415 1641 1564 1672 victoriae

57 1698 187 1738 gloriam
207 1698 328 1736 minuit,
350 1697 434 1738 quod
459 1708 621 1738 nunquam
641 1708 787 1738 suprema
813 1699 888 1730 belli
911 1699 1037 1730 fortuna
1057 1702 1181 1730 tentata
1201 1702 1256 1730 est.
1287 1698 1381 1740 Cujus
1402 1699 1448 1729 rei
1470 1698 1565 1738 culpa

54 1754 96 1786 ad
117 1758 277 1786 auctorem
299 1765 391 1786 suum
412 1755 578 1792 referatur,
598 1756 661 1795 qui.
682 1756 715 1786 in
735 1758 825 1787 tanta
846 1767 950 1787 rerum
972 1757 1162 1796 imparitate,
1182 1756 1332 1796 superior,
1358 1756 1474 1787 nedum
1496 1766 1564 1795 pro-

58 1822 168 1843 vocare
189 1812 318 1849 hostem,
339 1812 393 1843 sed
413 1823 451 1843 ne
471 1816 654 1852 provocatus
674 1813 799 1853 quidem
821 1816 852 1844 et
873 1823 971 1853 paene
993 1817 1117 1845 coactus
1139 1824 1277 1853 pugnam
1298 1814 1377 1844 inire
1398 1823 1490 1844 ausus
1511 1813 1560 1844 sit.

57 1868 126 1900 Non
152 1868 299 1900 videntur
326 1869 478 1909 siquidem
503 1869 579 1900 mihi
605 1870 638 1900 hi
659 1870 774 1910 gradus
801 1871 1001 1910 occupandae
1027 1870 1073 1901 illi
1101 1871 1257 1907 victoriae,
1287 1870 1562 1911 subjiciendaeque

56 1936 127 1967 spes
146 1926 213 1957 ulla
234 1926 355 1963 Italiae,
375 1927 399 1957 si
416 1927 437 1944 ¹²
465 1937 636 1967 numquam
657 1931 795 1959 extremo
816 1929 985 1959 certamine
1001 1929 1021 1945 ¹³
1041 1929 1218 1959 crediturus
1238 1938 1270 1959 se
1291 1931 1346 1959 est.
1362 1928 1475 1958 Tentat
1489 1938 1564 1958 cun-

57 1983 174 2015 ctando
194 1983 325 2015 vincere.
348 1984 517 2015 Existimat
533 1985 553 2001 ¹¹
576 1985 690 2016 liberos
709 1985 852 2025 populus,
866 1985 1133 2025 resquepublicns,
1162 1988 1193 2016 et
1213 1985 1378 2025 principes,
1398 1985 1430 2015 in
1451 1985 1565 2024 quibus

57 2041 196 2072 omnium
210 2041 406 2072 subditorum
417 2041 594 2073 voluntates
609 2042 687 2073 sitae
703 2045 786 2080 sunt,
801 2042 966 2083 ampliores
977 2043 1250 2083 diuturnioresque
1262 2042 1420 2082 impensas
1433 2042 1562 2081 laturos,

55 2097 169 2138 suique
190 2098 283 2129 unius
297 2100 354 2130 aut
374 2101 476 2130 morte
489 2101 545 2130 aut
558 2098 643 2130 mala
663 2099 842 2131 valetudine
856 2110 962 2131 omnes
975 2103 1104 2131 conatus
1118 2099 1302 2136 defecturos,
1316 2099 1370 2139 qui
1383 2098 1416 2129 in
1430 2098 1562 2138 populis,

60 2165 224 2195 usquequo
245 2156 331 2186 vivus
345 2156 367 2173 ¹⁵
381 2156 602 2195 superstiterit,
623 2156 722 2194 solidi,
743 2157 920 2197 integrique
936 2158 958 2175 ¹⁶
978 2157 1160 2188 manebunt.
1182 2157 1229 2187 De
1244 2156 1301 2187 hoc
1313 2159 1419 2187 tamen
1439 2156 1505 2196 ipse
1518 2165 1566 2186 co-

59 2212 208 2253 gnoverit.
231 2212 294 2254 Ego
315 2213 474 2244 fortunam
496 2214 563 2253 ejus
584 2213 755 2254 plurimum
768 2215 789 2231 ¹⁷
810 2215 912 2246 miror.
936 2214 1046 2246 Nescio
1067 2225 1128 2255 quo
1142 2216 1232 2254 pacto
1254 2223 1302 2245 res
1322 2213 1460 2251 misceat,
1482 2212 1566 2253 quod

70 2306 78 2323 ¹
99 2305 146 2334 Gr.
165 2305 210 2334 ΒΓ,
229 2314 243 2333 e
262 2306 321 2334 PM.
341 2306 382 2333 At
861 2309 950 2336 titudo

67 2351 78 2367 ²
97 2349 151 2378 ΡΡ.
168 2349 290 2385 arandis
828 2354 849 2371 ¹⁰
869 2353 913 2381 ΒΓ.
932 2362 946 2380 e
966 2353 1026 2381 PM.
1045 2352 1263 2381 commeantimn

65 2394 77 2411 ³
95 2393 166 2422 Mur.
179 2402 341 2429 prosequor
830 2399 849 2415 ¹¹
871 2397 917 2426 Gr.
936 2406 1018 2425 senza
1037 2406 1069 2425 ac

66 2438 76 2456 ⁴
96 2438 134 2466 Br
159 2446 174 2466 e
193 2438 252 2467 PM.
272 2440 368 2467 amnis
828 2443 850 2460 ¹2
870 2442 914 2470 ΒΓ.
935 2442 980 2470 Gr.
1000 2451 1013 2469 e
1032 2441 1092 2470 PM.
1112 2441 1161 2469 secl

67 2483 78 2501 ⁵
97 2482 142 2511 ΒΓ.
160 2490 174 2510 e
193 2482 254 2511 PM.
273 2483 432 2519 reliquum,
454 2484 508 2513 PP.
528 2484 638 2519 reliqua
828 2487 849 2504 ¹³
870 2486 924 2514 ΡΡ.
946 2486 1099 2514 certamine

66 2527 78 2545 θ
96 2526 142 2555 Gr.
162 2534 176 2554 e
195 2527 256 2555 PM.
276 2527 389 2556 traduci
828 2530 848 2547 ¹⁴
868 2529 921 2557 Nei
940 2529 1026 2557 codici
1045 2538 1057 2556 e
1078 2529 1106 2557 in
1126 2528 1195 2556 Mur.
1214 2528 1264 2556 sed

64 2571 76 2588 ⁷
94 2571 140 2599 Gr.
160 2571 205 2600 ΒΓ,
225 2579 238 2599 e
257 2571 318 2599 PM.
337 2572 455 2608 Etiam,
474 2573 543 2602 Reff.
562 2574 683 2602 Entium
827 2575 848 2591 ¹5
867 2574 912 2602 Gr.
933 2582 1010 2601 mms
1028 2581 1077 2608 per
1096 2573 1177 2600 vivas

66 2616 77 2633 ⁸
96 2615 141 2644 ΒΓ.
154 2617 294 2650 poterunt
827 2619 849 2635 ¹⁶
868 2617 936 2645 Reff.
954 2617 1018 2650 soli,
1038 2617 1197 2652 inteyrique

63 2660 79 2676 ⁹·
93 2659 138 2688 ΒΓ.
151 2659 218 2689 Reff.
232 2667 246 2687 e
259 2659 319 2689 PM.
333 2661 484 2696 plurima,
505 2662 550 2691 Gr.
563 2662 696 2697 plurima
716 2662 785 2690 mul·
823 2663 844 2680 ¹⁷
864 2662 910 2690 Gr.
928 2661 1085 2696 plurimam
