1845 3076
245 139 302 170 132
877 148 903 171 r.
922 149 947 172 P.
969 148 1116 173 vnnenmo

238 241 349 271 resque
369 231 519 271 gerendas
538 230 609 271 plus
629 241 729 270 aequo
750 231 832 262 inter
852 242 962 264 manus
984 233 1118 272 proferri
1143 238 1325 274 querantur,
1347 254 1385 259 -—
1406 236 1528 277 inepti¹
1550 248 1623 270 sane
1645 242 1741 280 atque

237 288 421 328 praecipites
442 288 590 325 homines,
605 288 719 328 quibus
730 288 750 325 ²,
767 298 823 328 pro
839 289 991 321 desiderio
1004 300 1059 321 suo
1079 291 1264 330 vehementi,
1280 292 1402 324 nullum
1415 296 1539 334 tempus
1554 295 1651 326 videri
1666 297 1740 327 satis

237 346 330 377 breve
351 347 461 385 potest.
483 344 572 383 Quod
593 345 620 376 si
640 345 847 384 meminerint,
874 347 1031 378 inimicam
1052 357 1117 378 esse
1137 348 1219 379 sanis
1240 349 1372 380 consiliis
1400 350 1639 389 festinationem,
1668 353 1744 384 desi-

237 403 403 442 derarique
422 402 455 432 in
476 402 568 433 rebus
588 403 647 434 rite
669 403 870 434 decernendis
891 414 952 434 non
972 406 1038 435 tam
1059 405 1252 437 celeritatem
1273 417 1368 446 quam
1389 409 1613 448 maturitatem,
1648 410 1741 442 facile

237 460 419 500 patientur3
440 459 471 490 in
486 470 530 497 eo,
551 460 601 491 cui
616 463 682 490 tam
702 460 803 491 multa
821 463 895 491 sunt
910 461 1052 500 gerenda,
1075 464 1115 499 et,
1131 465 1167 493 ut
1188 473 1259 494 vere
1281 463 1422 502 dixerim,
1444 465 1499 495 uni
1519 467 1631 505 omnia,
1648 467 1739 505 hanc,

236 517 262 548 si
276 517 366 548 modo
386 516 453 547 ulla
466 519 520 553 est,
537 517 727 548 tarditatem.
749 517 839 549 Nosti
852 521 888 548 tu
902 517 1002 555 illum,
1023 518 1142 558 opinor,
1164 519 1240 551 dum
1253 520 1286 550 in
1301 521 1473 554 minoribus
1495 527 1602 563 ageret
1613 523 1633 560 ⁴,
1656 527 1741 555 certe

237 574 363 610 audisti,
384 584 456 604 nam
478 576 509 604 et
530 574 664 604 mundus
677 578 762 605 totus
781 574 814 604 id
834 574 1018 613 mirabatur,
1041 578 1072 606 et
1086 576 1290 615 praedicabat
1311 581 1431 618 quanta
1453 582 1532 610 esset
1551 580 1585 610 in
1600 590 1635 611 eo
1656 591 1740 611 man-

238 631 380 667 suetudo,
405 631 592 669 humanitas,
618 631 812 672 dulcedoque
839 635 870 662 et
897 633 1046 663 sermonis
1074 636 1106 664 et
1133 635 1383 666 conservationis.
1409 635 1500 674 Quid,
1525 640 1618 677 putas
1637 647 1678 668 an
1697 648 1745 668 su-

240 688 346 719 blatus
359 690 405 719 est
422 688 502 719 fastu
523 689 634 719 summi
655 689 721 725 loci,
742 691 895 728 tantaque
915 690 1078 729 potestatis
1093 690 1227 728 licentia,
1250 692 1302 731 qui
1315 692 1325 708 ⁵
1346 693 1502 733 tantisper
1527 696 1666 725 mutatus
1689 697 1743 732 est,

240 748 276 776 ut
295 745 475 776 laboriosior
494 747 534 776 sit
555 746 664 783 factus,
693 746 790 777 nihilo
811 756 883 777 vero
904 746 1037 777 elatior?
1069 747 1216 787 Purpura
1237 749 1325 780 illum
1348 752 1379 780 et
1399 751 1510 781 summi
1540 752 1741 791 pontificatus

238 803 370 843 insignia
396 802 594 843 distinguunt
614 804 653 834 ab
675 804 761 841 aliis;
788 804 957 836 affabilitas
978 815 1050 835 vero
1073 808 1103 836 et
1126 806 1373 837 mansuetudinis
1394 808 1507 847 gratia,
1529 818 1591 848 qua
1616 812 1741 839 cunctos

239 864 377 900 superat,
399 861 475 891 nihil
496 861 686 900 superiorem
707 861 796 892 illum
818 862 995 893 ostendunt.
1018 863 1066 893 Ita
1080 863 1166 902 loqui
1186 873 1256 894 cum
1278 874 1313 894 eo
1329 867 1364 895 ut
1385 874 1457 895 cum
1477 865 1602 905 aequali
1616 865 1665 896 vel
1685 866 1745 905 pri-

238 921 310 949 vato
329 918 410 949 lieet.
433 918 598 948 Neminem
619 921 741 949 recusat
761 920 889 955 audire;
912 930 1001 950 nemo
1022 920 1124 959 ipsum
1144 920 1253 951 audire
1274 921 1444 952 sustinuit6
1459 922 1513 962 (1111
1533 922 1574 953 ab
1595 933 1630 953 eo
1645 923 1744 955 tristis

237 977 347 1007 exiret.
368 975 449 1006 Nam
476 975 582 1006 multis
603 975 729 1014 quidem
757 986 824 1016 ope,
847 977 960 1016 quibus
988 987 1060 1008 vero
1081 977 1245 1008 subvenire
1272 988 1328 1017 ope
1350 988 1411 1009 non
1439 982 1540 1019 potest
1561 989 1611 1010 eos
1638 980 1740 1011 verbis

237 1034 319 1065 fovet
339 1044 454 1073 speque
475 1033 558 1064 bona
577 1033 772 1070 consolatur;
796 1036 827 1064 et
848 1034 995 1073 injuriam
1017 1035 1122 1073 passis,
1140 1045 1160 1065 a
1174 1035 1286 1074 quibus
1308 1035 1418 1066 tollere
1438 1046 1499 1067 non
1520 1039 1630 1076 potest,
1653 1037 1689 1067 iis
1703 1047 1742 1068 ex

237 1092 341 1122 animo
361 1091 559 1130 compatitur,
585 1093 681 1130 atque
702 1091 786 1130 quod
805 1091 838 1121 in
858 1091 925 1131 ipso
947 1094 993 1122 est
1014 1092 1168 1122 neminem
1196 1092 1423 1123 inconsolatum
1444 1103 1463 1124 a
1483 1103 1515 1124 se
1538 1094 1680 1125 dimittit.
1708 1095 1746 1125 In

237 1148 321 1180 omni
341 1149 461 1179 actione
483 1147 633 1187 placidus,
660 1148 693 1178 in
714 1148 797 1179 omni
817 1158 957 1179 sermone
979 1148 1118 1185 festinus,
1139 1149 1193 1180 sed
1213 1160 1250 1180 ea
1271 1150 1483 1181 moderatione
1508 1154 1614 1182 tamen
1635 1153 1670 1182 ut
1689 1161 1746 1191 per

237 1206 294 1237 hoc
316 1205 473 1246 majestati
494 1215 550 1235 1100
571 1205 768 1242 detrahatur,
791 1216 886 1245 (1110111
907 1216 977 1237 011111
999 1216 1037 1237 ex
1058 1206 1169 1237 habitu
1190 1207 1325 1246 corporis
1345 1210 1413 1238 tum
1434 1218 1573 1239 sermone
1594 1211 1744 1248 gestuque

237 1274 333 1304 prope
360 1263 533 1303 ingenitam
560 1263 665 1293 habet.
694 1262 804 1302 Itaque
825 1273 915 1294 nemo
943 1263 975 1294 in
997 1263 1197 1303 jucunditate
1224 1264 1354 1304 gravior,
1381 1275 1452 1295 cum
1474 1265 1628 1305 gravitate
1654 1276 1744 1297 nemo

232 1320 408 1362 jucundior.
430 1320 461 1351 Si
482 1330 554 1351 vero
568 1322 600 1350 et
615 1320 751 1360 privatos
774 1330 873 1351 mores
890 1321 956 1361 ejus
977 1321 1293 1361 consuetudinemque
1314 1322 1513 1353 domesticam
1535 1323 1626 1361 noris,
1648 1323 1745 1364 magis

237 1379 297 1409 erit
321 1378 404 1409 unde
425 1380 455 1408 et
475 1377 584 1408 mirari
605 1387 676 1408 eum
705 1377 819 1409 debeas
841 1381 872 1408 et
893 1377 1099 1409 familiaribus
1125 1379 1336 1419 congratulari
1357 1379 1463 1419 possis.
1490 1379 1594 1411 Primo
1619 1379 1744 1420 quidem

236 1436 362 1467 delicias
383 1435 485 1466 nullas
504 1434 654 1474 sequitur,
677 1434 729 1465 sed
746 1445 777 1465 se
795 1435 1057 1475 domesticamque
1079 1436 1230 1467 familiam
1251 1439 1356 1467 sumtu
1372 1439 1438 1468 tam
1459 1436 1550 1468 facile
1572 1437 1693 1474 educat,
1708 1440 1743 1468 ut

236 1493 277 1524 sit
298 1493 408 1523 merito
428 1492 558 1523 caeteris
579 1492 761 1522 inferiorum
783 1491 927 1523 ordinum
948 1492 1116 1524 modestiae
1137 1504 1174 1524 ac
1194 1493 1383 1533 frugalitatis
1397 1494 1574 1534 exemplum
1598 1496 1675 1534 (qua
1695 1505 1742 1526 ra-

235 1551 320 1582 tione
340 1553 466 1580 cunctos
486 1552 591 1580 monet
604 1550 614 1566 ⁷
636 1560 696 1580 non
718 1549 787 1589 plus
809 1560 904 1589 quam
924 1550 1000 1580 satis
1021 1554 1067 1581 est
1089 1551 1264 1582 desiderare
1279 1551 1298 1588 ⁸,
1320 1551 1414 1590 idque
1435 1552 1518 1591 quod
1538 1552 1616 1583 satis
1630 1552 1641 1568 ⁹
1661 1555 1740 1583 esset

235 1608 350 1648 injuste
372 1618 432 1638 non
453 1608 627 1647 quaerere),
649 1607 799 1638 ministris
821 1618 892 1638 vero
912 1618 949 1638 ac
974 1607 1181 1639 familiaribus
1201 1618 1302 1648 neque
1323 1608 1362 1638 sit
1382 1609 1484 1648 gravis
1504 1612 1560 1640 aut
1581 1609 1737 1641 molestus.

236 1665 358 1697 Accidit
378 1665 470 1701 enim,
490 1664 573 1704 quod
587 1674 688 1704 saepe,
710 1664 812 1704 utqui
832 1674 946 1704 magna
966 1664 1181 1696 familiaritate
1204 1668 1276 1696 sunt
1297 1666 1382 1705 apud
1403 1666 1541 1697 dominos
1562 1669 1677 1697 etcum
1691 1666 1740 1697 his

236 1732 323 1763 posse
337 1722 437 1753 multa
457 1722 602 1752 videntur
615 1722 646 1758 ¹⁰,
661 1722 849 1752 verecundia
862 1722 881 1738 ¹¹
903 1724 1009 1753 tamen
1030 1725 1086 1753 aut
1107 1722 1272 1754 insolentia
1287 1733 1394 1754 eorum
1409 1727 1465 1755 aut
1486 1724 1600 1765 iniquis
1620 1724 1741 1764 dispen-

235 1780 340 1812 sandis
364 1779 556 1819 temporibus
582 1778 693 1810 duram
715 1779 771 1810 sub
791 1779 828 1809 iis
848 1779 945 1810 vitam
971 1781 1077 1820 agant.
1106 1779 1192 1811 Haec
1212 1782 1317 1812 autem
1338 1781 1442 1812 omnia
1467 1781 1589 1820 placide
1610 1782 1680 1819 fert,
1710 1784 1743 1813 et

235 1849 317 1879 quae
330 1840 469 1869 caeteros
485 1846 622 1877 quosque
642 1835 836 1867 offenderent
847 1837 878 1873 ¹²,
900 1837 989 1867 facile
1003 1847 1060 1876 per
1074 1837 1259 1877 patientiam
1280 1838 1433 1878 transigit,
1454 1839 1742 1878 opportunitatibus

234 1906 340 1927 rerum
353 1906 389 1926 ac
409 1899 586 1935 temporum
606 1897 697 1925 utens
711 1894 752 1925 ad
774 1894 941 1925 arbitrium
961 1894 1258 1932 administrantium,
1279 1896 1392 1935 quibus
1405 1905 1437 1927 se
1452 1896 1594 1927 omnibus
1613 1896 1659 1927 ita
1673 1907 1741 1936 par-

234 1954 322 1990 titur,
344 1956 378 1983 ut
394 1963 449 1984 suo
465 1952 596 1992 quisque
616 1954 701 1982 statu
722 1955 888 1983 contentus
910 1951 997 1982 aliud
1011 1951 1056 1982 nil
1069 1951 1233 1983 desideret.
1254 1952 1335 1984 Nam
1351 1953 1402 1983 vix
1416 1953 1496 1984 alius
1515 1953 1636 1994 uspiam
1649 1957 1740 1994 pater

234 2010 370 2041 familias
391 2012 457 2040 tam
472 2009 602 2040 comiter
622 2009 807 2049 placideque
824 2008 886 2039 suis
906 2008 1021 2045 liberis,
1041 2019 1137 2049 quam
1151 2009 1201 2040 hic
1221 2019 1252 2041 se
1266 2009 1450 2049 domesticis,
1471 2010 1606 2048 exhibet,
1622 2014 1658 2042 ut
1678 2021 1740 2042 non

244 2190 251 2207 ¹
274 2188 371 2216 Codice
383 2187 467 2215 citato
481 2186 516 2213 da
527 2185 588 2213 PM.
600 2184 723 2219 incoepti
1012 2185 1021 2203 7
1042 2185 1101 2214 PM.
1112 2186 1177 2214 nota
1189 2187 1282 2213 monet
1294 2187 1346 2213 aut
1358 2186 1448 2214 montt
1460 2187 1592 2222 ambique
1606 2188 1636 2215 in
1646 2188 1739 2217 codice

245 2235 256 2251 2
275 2233 320 2261 Gr.
335 2232 395 2260 PM.
409 2231 548 2259 omettono
561 2229 672 2264 quibus.
691 2229 729 2257 Lo
744 2229 780 2257 ha
792 2228 863 2256 altro
877 2229 968 2257 codice
1015 2230 1025 2247 ⁸
1043 2230 1089 2258 Gr.
1103 2238 1115 2257 e
1129 2229 1219 2258 codice
1232 2230 1317 2258 citato
1331 2231 1366 2258 da
1381 2231 1439 2259 PM.
1454 2231 1611 2259 desiderari

267 2278 350 2306 citato
365 2277 406 2305 da.
420 2276 466 2303 Gr.
1015 2274 1026 2293 ⁹
1045 2274 1090 2302 Gr.
1104 2282 1194 2309 neque
1206 2283 1251 2309 563
1265 2275 1325 2302 PM.
1339 2283 1389 2303 nee
1402 2275 1478 2310 quod
1495 2276 1548 2311 stt3
1568 2276 1633 2303 altri
1652 2276 1738 2305 codici

244 2323 253 2341 3
273 2322 325 2350 Nei
338 2320 425 2349 codici
436 2320 577 2354 patienter
1037 2318 1114 2346 citati
1133 2319 1168 2346 da
1186 2318 1292 2354 questi:
1311 2327 1361 2347 uec
1380 2319 1456 2354 quod
1473 2327 1510 2355 se,
1531 2336 1563 2340 ——
1581 2327 1615 2348 nc
1633 2320 1659 2356 ρ’
1674 2322 1737 2356 (nee

242 2367 252 2385 ⁴
272 2367 306 2394 In
326 2365 414 2393 codici
431 2363 508 2392 citati
521 2363 557 2391 da
570 2363 616 2392 Gr.
630 2371 643 2390 0
656 2362 716 2391 PM.
729 2369 843 2398 aqere8;
857 2362 917 2390 PM.
931 2371 964 2390 su
1033 2363 1098 2398 qui)

268 2410 295 2437 di
307 2410 348 2437 cio
361 2411 426 2437 nota
438 2409 552 2442 praeter
564 2415 679 2435 sensum
1001 2407 1023 2426 ¹0
1042 2406 1087 2435 Gr.
1101 2415 1115 2434 e
1128 2407 1188 2434 PM.
1202 2407 1371 2443 videantur-3
1391 2407 1449 2435 cod.
1462 2407 1548 2436 citato
1567 2408 1602 2436 da
1621 2408 1680 2437 PM.
1693 2409 1738 2437 vi—

243 2455 254 2473 5
274 2454 370 2482 Codice
383 2453 467 2481 citato
480 2453 515 2480 da
528 2452 588 2480 PM.
601 2459 674 2486 quae
1039 2451 1156 2486 deatum
1171 2451 1230 2478 cod.
1243 2451 1326 2479 citato
1339 2451 1374 2479 da
1388 2452 1433 2479 Gr.
1449 2452 1582 2480 videntur

242 2500 254 2519 ‘2
273 2498 370 2527 Codice
389 2497 471 2525 citato
491 2497 526 2524 da
544 2496 603 2523 PM.
623 2495 786 2524 substinuit.
809 2494 929 2523 Sebbene
947 2503 965 2522 0
1002 2496 1019 2513 ¹¹
1042 2494 1094 2522 Nei
1107 2495 1194 2523 codici
1207 2496 1400 2530 verecundiae,
1412 2496 1580 2524 insolentiae

266 2544 361 2579 questo
377 2542 458 2570 verbo
472 2541 514 2569 sia
532 2541 595 2568 dato
609 2540 656 2575 qui
674 2547 754 2567 senso
768 2546 834 2574 poco
852 2539 964 2574 usitato,
1001 2539 1024 2557 ¹2
1044 2539 1089 2567 Gr.
1099 2541 1221 2567 caeteros
1234 2540 1426 2576 offenderent;
1439 2540 1499 2569 PM.
1510 2541 1590 2570 aedos
1602 2549 1737 2577 quosque,

264 2587 395 2615 conviene
413 2584 580 2613 mantenerlo
594 2592 607 2611 e
620 2584 775 2611 rinnnciare
793 2592 810 2611 a
827 2591 965 2618 supporne
1037 2592 1111 2612 come
1124 2584 1152 2611 111
1166 2584 1222 2612 cod.
1235 2583 1319 2612 citato
1332 2584 1367 2612 da
1380 2584 1426 2613 Gr.

266 2632 337 2660 altro
349 2630 557 2665 nell'originale,
570 2637 642 2657 come
656 2628 779 2656 obtinuit
791 2635 806 2656 0
819 2628 969 2656 substituit

1836 775 1845 809 (..-
1831 647 1845 766 4—-3-
1834 612 1837 614 ·
