1845 3076
765 192 901 215 msrors
1545 189 1584 219 63

785 350 876 381 XLV.

365 422 531 454 DONATO
561 423 614 454 DE
643 423 940 456 COMPOSTELLIS
967 425 996 457 S.
1025 425 1061 457 D.
1089 425 1303 459 VENETIAS.

578 507 706 536 PAnrAE,
727 507 767 530 xx
789 507 968 537 Novmissms,
992 500 1076 531 1391.

454 574 519 609 (Br.
533 582 564 609 2).
585 575 642 608 05;
667 591 693 594 —
715 574 787 602 PM.
806 583 827 602 e.
846 575 928 607 121&-
951 590 976 593 -
1000 575 1063 603 PP.
1083 584 1110 603 n.
1129 576 1188 610 20.)

146 660 286 699 Gaudeo,
307 661 506 701 tesospitem
527 661 667 698 rediisse,
688 662 735 692 vir
757 662 886 702 insignis
907 664 938 693 et
958 662 1058 693 amice
1078 663 1205 703 optime,
1229 667 1260 694 et
1280 664 1319 695 de
1342 665 1511 706 longinquo
1533 677 1580 699 re-

64 718 168 750 ditum
182 718 305 758 patriae
322 719 389 759 jam
410 729 497 758 posse
511 719 600 750 nobis
615 719 817 750 abundanter
839 722 870 750 et
884 719 1082 759 praesentiae
1097 724 1129 751 et
1145 720 1309 752 literarum
1330 723 1450 762 copiam
1464 723 1575 755 facere.

65 775 186 807 Anxius
207 775 289 806 enim
309 778 341 806 et
360 775 510 807 sollicitus
530 776 568 807 de
589 778 621 807 te
643 786 699 816 per
720 776 776 807 hos
797 775 862 807 dies
877 776 1008 815 fueram,
1030 787 1110 814 cum,
1132 777 1238 808 subita
1259 781 1392 818 urgente
1413 789 1515 818 causa,
1537 781 1581 811 di-

65 833 206 864 scessisse
234 833 480 873 praecipitanter
501 835 532 863 et
552 833 722 864 credidisse
744 835 775 864 te
796 833 928 864 hiberno
945 834 953 851 ¹
982 834 1062 864 mari
1084 835 1301 873 cognovissem,
1325 836 1414 876 cujus
1435 837 1576 876 pericula

64 890 182 930 partim
197 893 354 930 expertus,
370 890 485 929 partim
500 890 638 930 expertis
653 891 814 930 conjiciens
826 890 836 906 ²
850 900 912 921 non
924 890 1035 921 timere
1052 901 1108 930 pro
1122 891 1221 923 amieo
1237 902 1299 923 non
1313 895 1465 932 poteram.
1486 893 1579 925 Nunc

65 949 170 979 certus
191 947 311 978 reditus
332 947 378 977 tui
399 957 456 987 per
476 957 548 978 eum
570 957 632 987 quo
652 947 766 987 dignus
788 958 821 978 es
842 950 941 987 patre,
971 948 1088 988 quique
1109 951 1142 979 te
1162 948 1276 989 dignus
1304 952 1353 981 est
1374 949 1448 987 filio,
1469 950 1579 981 sollici-

65 1005 209 1036 tudinem
229 1004 312 1036 hanc
323 1004 433 1046 abjeci,
449 1007 482 1035 et
503 1004 591 1045 caepi
604 1004 643 1036 de
663 1005 754 1036 nobis
768 1005 899 1037 meliora
919 1016 1100 1045 proponere.
1123 1006 1240 1037 Parum
1256 1007 1387 1038 invicem
1406 1007 1578 1040 absumus:

64 1061 110 1093 nil
131 1061 255 1094 difficile
275 1062 353 1102 quin
373 1062 513 1102 quotidie
528 1062 676 1102 frequens
694 1063 826 1094 nuntius
846 1062 979 1095 alterius
999 1063 1039 1094 ad
1055 1063 1190 1095 alterum
1211 1064 1320 1095 literas
1342 1064 1475 1103 deferat,
1497 1075 1579 1105 quae

62 1119 247 1151 continuum
259 1122 292 1151 et
307 1119 403 1150 animi
417 1122 449 1150 et
464 1129 570 1150 rerum
587 1122 707 1151 statum
722 1119 860 1150 indicent
867 1120 888 1157 ³,
903 1130 984 1160 quae
998 1121 1143 1152 comunia
1154 1121 1260 1153 studia
1275 1122 1423 1159 excitent,
1436 1132 1581 1162 quaeque

62 1177 96 1208 in
117 1176 262 1208 meliores
283 1186 407 1216 semper
426 1176 510 1208 vitae
532 1179 565 1207 et
586 1176 748 1208 doetrinae
774 1176 912 1208 rationes
934 1177 1152 1209 adhortentur.
1182 1178 1273 1210 Nunc
1294 1178 1401 1219 igitur,
1429 1179 1576 1219 quoniam

63 1234 194 1272 rediisti,
215 1234 265 1265 fac
285 1236 322 1266 ut
341 1234 374 1265 id
395 1244 452 1274 per
472 1234 582 1266 literas
603 1244 793 1275 cognoscam.
816 1234 905 1265 Vale.

772 1489 880 1521 XLVI.

275 1563 512 1596 NICOLAO
546 1564 610 1594 DE
645 1563 955 1596 LEONARDIS
991 1563 1204 1596 VENETO
1240 1564 1269 1596 S.
1301 1564 1363 1596 D.⁴

566 1647 695 1677 PADUAE,
718 1648 759 1670 vu
780 1647 848 1670 mus
869 1647 966 1677 rnna,
989 1639 1074 1671 1392.

444 1714 510 1749 (Br.
524 1723 556 1750 p.
575 1715 636 1748 29,·
656 1731 688 1734 —-
708 1714 780 1743 PM.
799 1723 822 1743 e.
841 1715 900 1748 93;
920 1731 952 1735 —
972 1714 1036 1742 PP.
1055 1723 1084 1743 oz.
1103 1715 1167 1750 23.)
1183 1715 1189 1733 ¹

141 1802 240 1834 Grate
260 1803 366 1843 accepi
386 1803 568 1843 sospitatem
591 1803 702 1834 tuam⁵
722 1803 821 1834 amice
840 1803 1029 1840 charissime,
1052 1806 1085 1834 et
1105 1803 1305 1843 gratissime⁶
1330 1803 1456 1843 quidem
1478 1813 1580 1843 nuper

61 1860 103 1892 ad
115 1863 148 1892 te
161 1860 282 1892 delatos
295 1860 437 1892 honores.
460 1861 506 1891 De
521 1860 635 1900 quibus
649 1860 794 1892 omnibus
809 1860 929 1900 gratias
945 1860 1101 1901 agendum
1117 1862 1163 1891 est
1176 1860 1252 1897 Deo,
1267 1860 1422 1892 bonorum
1435 1861 1576 1892 omnium

62 1917 223 1957 elargitori
233 1918 253 1955 ⁷,
274 1918 339 1958 qui,
359 1918 384 1948 si
399 1918 481 1958 grati
496 1928 571 1958 erga
585 1928 657 1949 eum
678 1917 840 1955 fuerimus,
861 1918 939 1948 haec
954 1917 1152 1949 conservabit
1173 1918 1316 1958 augendo
1331 1921 1362 1949 et
1377 1917 1441 1949 alia
1455 1918 1576 1958 majora

60 1975 240 2016 plenissime
259 1975 460 2015 superaddet.
492 1974 561 2014 Sed,
589 1978 625 2006 ut
646 1975 740 2015 plane
765 1974 932 2015 intelligas,
965 1975 1004 2006 de
1025 1974 1206 2015 hujusmodi
1235 1975 1408 2006 honoribus
1434 1975 1509 2014 quid
1535 1975 1576 2006 sit

61 2032 252 2064 censendum
263 2032 283 2070 Β,
303 2032 439 2063 subdam
460 2032 577 2072 aliqua,
604 2043 686 2072 quae
706 2034 814 2063 tamen
835 2034 866 2063 te
882 2032 893 2049 ⁹
922 2032 1048 2063 minime
1076 2032 1177 2063 latere
1197 2032 1298 2064 oredo.
1328 2031 1579 2063 Existimandum

61 2093 109 2122 est
123 2091 154 2128 ¹⁰,
176 2093 212 2121 ut
239 2090 395 2130 sapientes
413 2090 538 2130 jubent,
560 2089 711 2121 virtutem
733 2093 765 2121 et
785 2090 862 2120 item
885 2089 1057 2128 scientiam,
1089 2100 1172 2130 quae
1193 2090 1319 2121 virtutis
1341 2090 1432 2121 unico
1454 2089 1577 2120 nomine

60 2147 216 2188 appellari
230 2150 469 2185 consueverunt,
483 2157 516 2179 se
531 2148 604 2188 ipsis
619 2150 781 2179 contentas
792 2148 811 2164 ¹¹
829 2158 905 2185 esse,
920 2150 1110 2188 tantumque
1123 2148 1156 2178 in
1172 2148 1215 2178 eis
1229 2147 1377 2188 praesidii
1392 2147 1528 2187 positum
1540 2147 1571 2184 ¹2,

62 2208 99 2237 ut
120 2215 178 2236 nec
204 2205 337 2237 alterius
362 2205 482 2236 viribus
509 2208 631 2246 egeant,
662 2206 773 2236 necin
798 2206 894 2236 finem
920 2205 1052 2237 alterius
1078 2205 1273 2236 ordinentur.
1305 2205 1380 2242 Imo,
1409 2208 1446 2236 ut
1471 2204 1575 2236 Cicero

60 2263 175 2304 probat
194 2263 227 2294 in
241 2263 294 2295 lib.
310 2262 337 2293 V
353 2263 392 2294 de
409 2263 621 2302 Questionibus
646 2263 855 2295 Tusculanis:
879 2265 893 2279 “
912 2263 1017 2295 Virtus
1031 2274 1090 2303 per
1103 2273 1134 2294 se
1147 2263 1263 2303 suffieit
1284 2263 1327 2293 acl
1341 2262 1412 2293 bene
1432 2262 1573 2302 beateque

59 2357 69 2374 ¹
88 2355 141 2383 Nei
160 2355 247 2384 codici
266 2356 297 2383 in
316 2364 403 2384 verno
846 2358 857 2373 ⁷
878 2356 941 2383 Cosi
961 2356 1010 2390 (ἧς
1030 2355 1069 2391 gli
1089 2355 1155 2383 altri
1175 2355 1309 2389 lczryitori

59 2401 71 2419 ²
89 2401 145 2429 PP.
164 2403 177 2428 e
195 2400 362 2435 incompleta
381 2400 408 2428 la
427 2400 524 2435 pai-ola
850 2402 861 2417 ⁸
880 2400 911 2428 G.
929 2400 1103 2428 censendum
1121 2400 1160 2427 sit

58 2445 70 2463 ³
87 2445 143 2473 PP.
161 2444 293 2473 indicant
848 2446 859 2462 ⁹
878 2445 905 2472 Il
925 2447 1018 2473 tamen
1034 2444 1090 2472 ‘nel
1115 2444 1175 2472 solo
1195 2444 1244 2479 G.;
1271 2443 1347 2479 110in
1373 2443 1438 2471 altri
1459 2445 1484 2471 te
1508 2443 1580 2478 dopo

59 2489 70 2507 ⁴
88 2489 173 2517 Senza
191 2488 324 2517 indirizzo
343 2489 389 2517 nel
408 2489 439 2518 G.
876 2489 993 2517 minime

58 2534 70 2552 ⁵
88 2533 151 2561 Cosi
170 2533 220 2567 (ἕης
240 2533 316 2570 negli
335 2533 402 2561 altri
421 2533 508 2562 codici
535 2536 612 2562 tuam
638 2534 802 2569 sospitatem
842 2535 864 2551 m
884 2534 995 2561 Eccetto
1010 2534 1041 2561 G.
1055 2533 1063 2560 i
1075 2531 1161 2561 codici
1172 2532 1354 2568 aggiungono
1368 2532 1443 2560 enim
1458 2531 1528 2566 dopo
1541 2532 1582 2559 cst

92 2577 186 2612 accepi
839 2579 858 2595 1¹
880 2578 936 2605 PP.
954 2578 1098 2605 contentos

60 2621 72 2639 ὃ
87 2620 120 2649 G.
143 2623 171 2649 et
192 2621 322 2657 honores,
347 2630 419 2657 quos
445 2630 537 2658 nuper
562 2621 705 2656 habuisti',
730 2630 803 2658 9)·(1-
840 2623 862 2640 ¹2
881 2622 936 2650 ΡΙ).
955 2622 984 2649 in
1004 2621 1075 2649 meis
1087 2620 1246 2656 praesidiis
1259 2620 1383 2655 ponitur

99 2664 207 2693 tissime
