1845 3076
754 177 890 200 EPISTOLE
1523 169 1578 199 159

785 335 860 366 CIV.

271 426 476 460 SANCTO
513 427 825 459 PEREGRINO
860 427 1374 459 JUSTINOPOLITANO

479 511 606 539 Pinum,
630 511 879 533 ANTEPENULUMA
902 511 1067 533 DECEMBRIS
1091 503 1172 533 1:396.

398 578 466 613 (Br.
486 587 517 612 p.
542 579 635 610 2³:14
661 594 695 597 —
723 577 793 605 PM.
817 586 838 605 c.
865 578 959 611 531&
1042 577 1102 604 ΓΡ.
1130 587 1156 605 η,
1186 578 1244 607 17.)

146 665 303 704 Quotiens,
326 675 386 696 non
409 669 574 705 praesente
595 665 714 703 nuntio,
736 664 776 695 ad
798 674 954 704 quemque
974 665 1084 700 scribo,
1106 674 1228 695 necesse
1250 669 1305 701 cst,
1329 668 1364 695 ut
1386 665 1490 704 plures
1512 665 1578 696 dies

63 724 151 765 apud
165 734 214 755 nie
230 723 364 763 epistola
384 723 499 755 sedeat.
523 722 591 760 Quo
605 722 641 753 fit
658 724 693 753 ut
707 732 829 761 semper
851 721 915 752 sere
931 726 1052 752 veteres
1074 725 1169 761 atque
1192 722 1340 761 antiquas
1362 722 1469 753 literas
1492 732 1577 753 meas

66 781 158 813 amici
177 781 325 819 habeant,
341 784 372 811 et
386 781 495 811 crebro
517 779 644 811 illarum
666 779 838 810 delatorem
861 783 1018 811 accusent.
1041 778 1165 818 quando
1186 789 1241 819 ego
1256 779 1323 818 ipse
1344 779 1375 809 in
1392 779 1483 819 culpa
1498 790 1575 810 suin.

69 837 168 877 Quam
190 837 315 878 quidem
331 848 391 868 non
413 848 535 873 excuso,
551 837 576 867 si
592 837 683 868 modo
706 837 737 867 id
753 837 866 867 ascribi
886 836 963 866 mihi
984 836 1095 876 culpae
1110 836 1216 873 debet,
1238 836 1319 876 quod
1336 847 1447 876 parum
1470 836 1578 867 sedulo

65 897 243 928 itinerarios
263 896 402 936 exquiro.
424 895 482 926 Sed
505 895 587 926 hunc
610 895 747 926 laborem
771 894 861 925 facile
883 894 960 925 mihi
981 895 1154 931 remittent,
1176 904 1247 924 cum
1268 893 1491 930 intellexerint,
1520 894 1575 933 qui

66 954 152 986 vitae
173 964 260 985 meae
281 956 371 984 tenor
391 953 438 983 sit.
463 953 526 993 Ego
547 953 629 983 enim
651 953 701 982 vix
725 962 863 991 unquam
881 952 887 968 ¹
910 951 1034 982 domum
1056 962 1140 988 exeo,
1162 951 1220 981 nisi
1242 962 1311 982 cum
1333 952 1364 981 in
1385 951 1482 981 scolas
1511 961 1578 990 pro-

65 1011 271 1052 grediendum
285 1011 333 1041 sit.
356 1010 386 1041 Si
401 1021 465 1050 qua
479 1010 703 1046 deambulatio,
725 1009 965 1049 resumptionis²
987 1012 1043 1039 aut
1061 1009 1163 1040 solatii
1185 1018 1282 1039 causa
1297 1020 1315 1039 a
1331 1019 1380 1039 me
1401 1008 1580 1047 suscipitur,

65 1079 103 1100 ea
125 1068 207 1099 domi
229 1068 287 1098 sul)
310 1068 400 1098 tectis
422 1068 468 1098 vel
490 1068 522 1097 in
544 1067 643 1097 hortis
665 1067 777 1107 agitur.
802 1067 910 1097 Foris3
932 1067 963 1097 id
987 1077 1084 1097 unuin
1099 1066 1174 1096 mihi
1195 1066 1293 1096 otium
1310 1069 1365 1098 est.
1387 1076 1423 1095 ea
1444 1065 1509 1096 sola
1531 1075 1578 1095 vo-

63 1125 178 1165 luptas,
200 1125 282 1165 quod
297 1125 306 1142 ⁴¹
330 1135 401 1156 cum
423 1125 547 1155 domino
569 1124 734 1155 Francisco
755 1127 862 1155 nostro
883 1134 947 1155 esse
974 1124 1082 1155 crebro
1103 1124 1185 1154 licet.
1208 1123 1268 1154 Sed
1290 1123 1373 1154 nocti
1396 1123 1453 1153 hoc
1473 1123 1577 1153 datur.

63 1182 191 1222 Semper
208 1182 289 1213 enim
305 1182 430 1222 quando
450 1185 574 1222 postero
588 1182 638 1212 dio
655 1182 828 1213 vacandum
840 1182 851 1198 ⁵
873 1184 928 1217 est,
943 1191 1010 1211 sero
1026 1181 1064 1211 ad
1081 1192 1149 1211 eum
1166 1181 1263 1217 venio,
1285 1180 1444 1220 perpetuis
1460 1179 1581 1216 studiis,

64 1239 117 1270 sed
132 1240 215 1270 enim
227 1241 238 1255 ““’
259 1240 393 1271 maxime
408 1239 469 1269 diei
493 1239 566 1270 bina
582 1239 714 1269 lectione
729 1238 926 1269 defaticatus.
949 1238 1042 1269 Suam
1055 1238 1132 1278 jocis
1154 1241 1275 1277 partem
1291 1238 1410 1274 (lamus,
1426 1238 1579 1268 minorem

63 1296 146 1328 seria
161 1300 192 1328 et
204 1297 361 1337 jocundae
382 1297 558 1336 scripturae
573 1296 631 1327 sibi
646 1296 756 1327 horam
772 1296 940 1333 vindicant,
962 1299 1058 1335 atque.
1073 1295 1104 1325 in
1119 1295 1243 1335 longam
1265 1298 1387 1325 noctem
1409 1294 1574 1334 vigilamus

70 1364 142 1384 una.
173 1353 254 1391 Post,
283 1364 339 1394 ego
364 1354 491 1385 domum
511 1353 645 1390 redd003
667 1353 732 1393 ipse
753 1356 903 1384 remanet.
934 1352 1113 1384 Studiorum
1135 1355 1241 1383 autem
1270 1361 1409 1382 meorum
1431 1351 1508 1382 haec
1534 1354 1581 1382 est

72 1410 197 1450 species.
218 1410 354 1451 Singulis
374 1411 527 1447 noctibus,
542 1410 596 1441 diu
611 1413 684 1441 ante
706 1411 806 1441 lucem
828 1420 954 1450 exurgo,
969 1428 1006 1432 —
1022 1409 1062 1440 ad
1083 1409 1245 1440 lucernam
1267 1409 1299 1439 in
1313 1408 1401 1439 libris
1422 1408 1524 1445 sedeo,
1538 1426 1576 1430 -

69 1470 239 1510 praecepta
263 1468 431 1499 memoriae
459 1467 648 1504 commendo,
671 1486 709 1489 —
730 1467 912 1507 accipienda
938 1466 1103 1507 praevideo
1119 1467 1139 1504 ⁷,
1161 1485 1199 1488 —
1220 1466 1260 1496 ad
1281 1466 1379 1497 scolas
1404 1466 1444 1496 de
1470 1466 1578 1505 primis

69 1536 115 1565 eo,
138 1545 175 1548 —
196 1526 402 1566 provectiores
422 1536 506 1566 rogo,
526 1544 564 1547 —
586 1535 677 1565 pares
697 1525 736 1556 de
758 1525 993 1565 quaestionibus
1014 1526 1046 1555 et
1066 1524 1260 1564 argumentis
1281 1523 1414 1561 adorior,
1437 1542 1474 1545 —
1496 1523 1581 1554 indo-

65 1584 187 1621 ctiores,
202 1584 227 1614 si
241 1583 295 1623 qui
310 1586 393 1620 sunt,
409 1582 511 1619 audio,
524 1601 561 1604 —
573 1583 662 1614 binas
676 1582 797 1623 singulo
813 1582 873 1619 die,
888 1582 996 1613 crebro
1011 1581 1109 1612 trinas
1124 1581 1273 1612 lectiones
1289 1581 1415 1620 accipio,
1428 1599 1465 1602 ——
1478 1590 1579 1621 eoque

65 1643 158 1681 pacto
173 1640 239 1671 dies
252 1640 329 1671 mihi
351 1640 540 1677 traducitur,
556 1643 587 1671 et
602 1640 703 1679 prima
716 1639 843 1680 quidem
864 1638 1129 1679 quemadmodum
1144 1641 1176 1669 et
1190 1641 1346 1678 postrema
1362 1648 1436 1678 pars
1448 1638 1458 1653 ⁸
1480 1637 1582 1668 noctis

64 1697 176 1729 studiis
197 1697 302 1728 datur.
326 1696 400 1736 Quis
420 1697 520 1737 igitur
541 1697 573 1727 in
594 1697 654 1727 hac
674 1697 848 1737 cupiditate
869 1696 1017 1733 discendi,
1045 1696 1076 1726 in
1098 1698 1190 1726 tanta
1210 1695 1384 1726 studiorum
1406 1698 1438 1726 et
1460 1695 1581 1735 gloriae

63 1755 272 1793 contentione,
294 1755 325 1784 in
347 1750 494 1785 tam‘acri
515 1754 663 1785 exercitio
685 1754 859 1791 literarum,
881 1753 1089 1794 negligentiae
1103 1753 1180 1784 mihi
1201 1752 1360 1784 adscribat
1381 1752 1485 1793 quod⁹
1506 1762 1582 1784 raro

63 1811 211 1852 epistolas
232 1811 400 1849 dimittam,
421 1811 535 1852 quibus
556 1822 617 1842 non
638 1811 809 1852 ingenium,
831 1821 893 1842 non
914 1811 1067 1847 voluntas,
1096 1820 1158 1841 non
1179 1810 1313 1850 denique
1339 1810 1504 1849 scriptura,
1525 1809 1580 1841 sed

66 1869 182 1901 caritas
197 1870 218 1886 ¹⁰
240 1869 425 1900 nunciorum
444 1869 671 1909 impedimento
692 1868 750 1900 sit!
772 1869 858 1899 Haec
878 1871 985 1899 autem
1006 1868 1107 1899 latere
1129 1873 1268 1899 caeteros
1287 1867 1405 1904 malim,
1426 1878 1463 1898 ac
1478 1867 1516 1898 de
1531 1877 1583 1898 ne-

66 1926 219 1967 gligentia
245 1927 331 1966 prius
352 1937 401 1956 me
431 1926 532 1966 ipsum
553 1927 694 1958 accusari
722 1927 835 1966 patiar,
858 1936 962 1966 quam,
990 1925 1150 1957 ambitiose
1172 1935 1222 1956 me
1245 1925 1377 1965 jactans,
1403 1935 1488 1956 more
1510 1925 1582 1955 vani

68 1983 202 2015 hominis
223 1984 437 2024 hujuscemodi
458 1995 506 2016 res
527 1985 567 2015 ad
589 1984 665 2016 alios
680 1985 822 2015 scribam.
845 1984 940 2015 Stulti
961 1987 1068 2015 autem
1091 1983 1244 2023 quidquid
1265 1982 1381 2019 dicant,
1402 1983 1449 2013 ita
1464 1983 1583 2013 dictum

71 2041 187 2080 accipe,
210 2044 245 2072 ut
260 2041 339 2072 nihil
361 2042 499 2072 omnium
514 2042 630 2079 malim,
652 2053 746 2082 quam
767 2042 792 2072 is
807 2052 873 2073 esse
894 2042 948 2081 qui
971 2041 1027 2072 tibi
1048 2041 1159 2071 merito
1182 2040 1306 2080 placeat
1319 2041 1348 2070 ¹¹.
1372 2040 1583 2077 Quamobrem

67 2098 95 2129 si
114 2108 271 2130 connexas
293 2098 403 2130 literas
425 2102 457 2130 et
477 2099 503 2130 si
523 2099 579 2130 has
600 2099 724 2131 tardius
746 2100 852 2137 habes,
874 2109 975 2139 aequo
997 2099 1100 2130 animo
1122 2102 1239 2138 patere,
1261 2101 1293 2128 et
1314 2097 1383 2128 aliis
1409 2097 1520 2127 studiis
1541 2097 1584 2128 da

70 2155 202 2187 veniam.
225 2155 376 2186 Dominus
397 2155 586 2188 France‘seus
605 2160 710 2188 noster
737 2157 977 2188 commentarios
998 2157 1030 2187 in
1052 2155 1177 2196 regulas
1198 2155 1250 2186 vi.
1280 2154 1362 2190 libri,
1390 2164 1468 2194 quos
1496 2154 1587 2194 petis,

69 2223 132 2244 non
145 2215 211 2244 tam
226 2212 353 2252 quidem
374 2216 528 2245 correctos
542 2224 637 2254 quam
658 2214 791 2254 pulcros,
812 2225 868 2254 pro
882 2217 914 2245 te
927 2214 1053 2245 venales
1073 2213 1193 2244 invenit
1205 2213 1234 2243 ¹2.
1258 2212 1305 2243 De
1325 2211 1427 2252 pretio
1443 2211 1583 2242 nondum

67 2270 224 2307 convenit,
245 2270 300 2301 sed
321 2270 463 2310 protinus
484 2270 631 2308 exsolvet,
654 2274 686 2302 et
706 2271 747 2302 ad
768 2274 800 2303 te
821 2271 939 2303 librum
960 2271 1074 2302 mittet.
1100 2270 1184 2301 Vale.

81 2393 90 2410 ¹
110 2391 164 2420 ΡΡ.
183 2400 284 2427 unqua
856 2392 866 2409 ⁷
886 2391 942 2420 ΡΡ.
961 2392 1125 2426 recipienda
1142 2392 1275 2427 pervideo

79 2437 92 2454 ²
108 2435 164 2465 ΡΡ.
184 2435 386 2471 respirationis
855 2436 866 2453 ⁸
885 2435 945 2464 PM.
953 2437 1099 2470 postrema
1108 2438 1212 2472 prii-{63
1232 2436 1277 2464 ΒΥ.
1292 2437 1333 2463 est
1339 2437 1487 2471 postrema
1498 2435 1588 2470 parte

79 2481 91 2499 ³
108 2480 164 2509 ΡΡ.
183 2480 274 2508 Forte
854 2481 865 2498 '³
884 2480 938 2508 ΡΡ.
958 2490 967 2507 t
979 2481 1028 2508 uia

79 2524 91 2542 ⁴
109 2525 164 2553 ΡΡ.
184 2525 254 2560 quia
843 2525 866 2542 ¹⁰
884 2525 930 2554 ΒΓ,
949 2491 1094 2559 cllum-itis,
1114 2525 1168 2553 ΡΡ.
1188 2525 1298 2553 raritas

80 2569 92 2587 ⁵
110 2568 165 2597 Pr.
184 2569 346 2597 vocandum
846 2570 865 2586 ¹¹
887 2570 946 2596 PM.
964 2570 1077 2603 plau-cti!

72 2615 87 2633 ⁶
105 2613 162 2642 Sed
173 2614 260 2648 enim,
279 2622 323 2642 ma
341 2616 516 2642 σοι-1311101119.
532 2631 563 2634 -
579 2614 632 2642 ΡΡ.
647 2614 696 2641 scd
709 2622 807 2642 eorum
846 2615 866 2631 ¹²
888 2614 942 2642 PF.
961 2614 1085 2641 servarit

104 2658 231 2686 maxima
251 2658 310 2686 dies
329 2681 441 2687 .....
