1845 3076
255 172 311 203 148
886 181 910 203 P.
932 181 956 203 P.
980 180 1125 203 vsassmo

251 264 379 304 »igitur
393 265 424 294 et
444 264 542 294 alacri
563 264 666 294 animo
687 266 793 294 estote.
816 263 881 294 Nec
895 263 951 294 fiet
971 264 1057 295 vobis
1080 265 1086 281 ¹
1117 267 1152 295 ut
1172 264 1287 295 timidis
1308 265 1496 305 quibusdam
1517 266 1639 297 evenire
1661 267 1753 298 sensi.

251 334 268 350 »
286 321 330 352 Ex
345 321 466 352 delecta
480 320 638 360 paucitate
653 324 760 352 nostra
775 324 830 351 aut
844 331 1008 351 numerosa
1023 321 1157 352 hostium
1171 321 1373 352 multitudine
1395 325 1512 353 metum
1534 323 1718 363 confringite
1731 324 1750 354 2'.

252 390 270 406 ›>
285 377 366 409 Satis
386 378 467 409 enim
488 388 644 418 superque
663 379 737 409 satis
757 388 886 409 numero
900 380 910 395 ³
931 388 1035 408 sumus
1057 378 1097 408 ad
1118 378 1344 418 subijciendum
1365 379 1453 409 nobis
1479 379 1576 411 totius
1598 379 1680 411 orbis
1700 380 1754 410 im-

252 447 268 463 »
285 435 416 474 perium,
430 435 454 464 si
470 438 526 466 6111
548 435 680 466 viriliter
699 435 802 465 vivere
817 437 872 466 aut
886 435 964 465 niori
985 435 1126 466 volumus
1147 435 1276 475 gloriose
1288 436 1306 466 ⁴.
1329 435 1473 467 Hostium
1493 446 1564 467 vero
1580 446 1641 476 quo
1655 437 1755 477 major

251 505 268 520 »
285 491 454 523 multitudo
475 502 510 523 eo
530 493 671 532 paratior
692 493 771 523 vinci
793 496 838 524 est
848 493 867 524 5.
890 493 952 533 Ego
974 503 1030 523 1166
1050 493 1134 524 iners
1154 492 1257 529 adero,
1278 502 1334 523 nec
1354 493 1549 530 industriam,
1571 504 1666 534 quam
1688 494 1756 525 diu-

252 561 268 578 »
283 550 377 580 turna
399 550 594 589 experientia
615 553 800 590 assequutus
816 560 893 586 sum,
915 550 1059 581 inutilem
1079 550 1186 580 sinam.
1209 550 1247 580 Et
1269 553 1387 581 certum
1409 550 1534 590 quidem
1555 551 1685 589 11611606,
1705 561 1756 582 me

253 619 268 635 »
284 617 353 638 cum
376 607 434 638 1106
454 607 552 638 11111116
573 617 698 647 prorsus
720 607 882 638 victurum.
906 607 951 638 Tu
968 607 1026 638 tibi
1046 607 1207 646 persuade,
1228 617 1276 638 me
1291 607 1379 644 (11166,
1400 608 1480 638 vinci
1500 611 1531 639 te
1546 619 1606 638 11011
1627 617 1713 648 posse
1728 620 1754 638 ».

331 665 340 680 ⁷
353 665 437 695 Forti
458 665 516 695 hac
537 665 677 695 oratione
697 664 784 696 ducis
800 664 989 695 confirmatis
1002 665 1137 695 militum
1153 665 1272 701 animis,
1289 664 1371 705 quod
1387 665 1483 696 alacri
1497 665 1631 696 clamore
1646 665 1757 696 testati

250 724 332 758 sunt,
348 723 496 753 continuo
510 724 613 753 castra
627 721 693 753 loco
706 725 880 759 moverunt,
901 722 1002 753 edicto
1023 722 1118 761 prius,
1134 732 1173 753 ne
1189 722 1239 753 cui
1259 722 1402 753 incendio
1416 722 1463 753 uti
1477 722 1509 752 111
1523 723 1605 762 agris
1618 722 1753 753 hostium

250 779 359 810 liceret
375 779 394 815 Β,
423 789 500 810 11616
522 779 590 818 quis
610 782 772 819 agrestem,
800 779 858 809 nisi
879 779 933 819 qui
953 779 1115 818 stipendiis
1136 779 1309 818 adscriptus
1337 782 1426 815 esset,
1455 779 1613 819 captivum
1636 783 1754 820 ageret.

251 836 318 867 Hoc
333 837 415 867 enim
430 840 522 876 pacto
537 836 716 875 sperabant,
732 847 764 867 se
779 839 953 867 comeatum
968 838 1000 867 et
1015 839 1148 874 caetera,
1172 847 1251 876 quae
1266 837 1305 867 ad
1320 837 1437 867 victum
1458 837 1631 867 necessaria
1645 840 1756 874 essent,

252 904 272 925 a
293 894 408 924 colonis
430 893 520 924 facile
541 894 772 933 impetraturos.
793 894 1017 933 habiturosque
1031 904 1081 924 eos
1103 894 1262 934 propitios,
1276 894 1301 924 si
1322 894 1398 933 quid
1419 894 1495 925 laeti
1516 895 1641 925 fortuna
1661 896 1759 925 osten—

251 951 359 982 disset.
381 951 528 981 Protinus
548 951 645 991 igitur
667 951 706 981 ad
727 951 903 987 Mintium⁹,
924 951 1054 982 fiuvium
1075 951 1242 990 placidum,
1258 951 1395 987 veniunt,
1411 961 1502 990 quem
1523 952 1721 991 transgressis
1736 952 1757 968 ¹⁰

252 1007 344 1039 offert
363 1018 395 1039 se
417 1008 551 1039 hostium
573 1008 736 1040 exercitus.
757 1019 886 1039 numero
906 1008 996 1048 longe
1018 1009 1126 1049 major,
1147 1009 1201 1039 sed
1222 1009 1325 1039 animo
1341 1011 1372 1039 et
1393 1009 1508 1039 virtute
1529 1009 1708 1048 plurimum,
1722 1011 1759 1039 ut

251 1075 300 1096 res
312 1066 472 1101 indicavit,
494 1065 630 1097 inferior.
657 1066 690 1096 111
707 1076 742 1096 60
757 1065 910 1105 siquidem
931 1069 1076 1106 congesta
1092 1069 1181 1096 erant
1196 1076 1306 1097 novem
1327 1066 1425 1097 millia
1447 1067 1596 1106 equitum,
1618 1066 1759 1106 peditum

248 1123 312 1153 tria
332 1122 438 1159 millia,
454 1123 508 1162 qui
528 1123 684 1162 stipendia
704 1126 900 1154 mererentur
913 1124 941 1153 ¹¹.
966 1123 1179 1163 Reliquorum,
1200 1123 1253 1162 qui
1269 1133 1307 1153 ex
1322 1123 1452 1154 urbibus
1473 1123 1617 1163 agrisque
1635 1123 1758 1162 delecti,

252 1182 284 1210 et
304 1190 384 1219 equo
407 1183 438 1210 et
458 1180 536 1219 pede
556 1179 621 1210 sine
643 1190 772 1211 numero
794 1180 982 1217 militabant,
1005 1190 1136 1220 magur—‘z
1151 1183 1183 1211 et
1204 1180 1340 1211 incertus
1362 1191 1518 1211 numerus.
1542 1180 1699 1211 Curruum
1714 1181 1758 1210 in—

250 1246 344 1277 super
364 1240 395 1267 et
412 1237 627 1277 jumentorum
649 1237 775 1277 grandis
796 1240 975 1277 apparatus,
1005 1237 1090 1275 Quae
1112 1249 1161 1268 11¹5
1181 1237 1253 1268 duci
1271 1238 1291 1254 ¹²³
1319 1241 1424 1269 nostro
1445 1237 1570 1268 salubre
1598 1237 1759 1269 consilium

250 1294 345 1325 dedit,
362 1295 548 1325 Existimans
563 1294 654 1331 enim,
669 1297 791 1325 tantam
808 1294 1040 1326 multitudinem
1055 1295 1123 1334 ped.
1133 1305 1206 1333 ium,
1223 1295 1317 1325 armis
1331 1298 1363 1325 et
1377 1295 1507 1326 caeteris
1521 1294 1759 1335 impedimentis,

251 1362 332 1392 quae
353 1351 489 1391 plurima
511 1351 645 1383 vehebat
662 1352 694 1389 ¹³,
721 1354 892 1392 gravatam,
914 1362 975 1383 non
996 1361 1082 1392 posse
1105 1362 1255 1391 equorum
1275 1351 1404 1392 vestigia
1419 1352 1562 1391 proprius
1581 1354 1698 1389 tenere,
1719 1352 1760 1383 ad

255 1408 357 1440 Olium
379 1408 496 1439 flumen
517 1419 587 1439 cum
608 1419 662 1440 suo
685 1409 829 1448 expedito
851 1409 993 1449 equitatu
1013 1419 1049 1440 66
1070 1409 1199 1449 promtis
1221 1409 1386 1448 peditibus
1414 1419 1491 1449 quos
1510 1409 1589 1440 nihil
1609 1408 1760 1449 superflui

250 1466 394 1507 urgebat,
415 1476 454 1497 116
475 1466 658 1497 transeundi
679 1466 843 1497 tolleretur
864 1469 1009 1506 potestas,
1031 1469 1187 1506 properat.
1210 1466 1307 1504 Quem
1329 1477 1430 1506 pauca
1445 1467 1465 1484 ¹⁴
1481 1466 1649 1498 admodum
1668 1469 1761 1507 parte

249 1524 402 1555 exercitus
415 1524 515 1555 nostri
529 1527 733 1563 transgressa,
757 1525 898 1563 protinus
912 1535 931 1554 a
945 1527 1032 1564 tergo
1053 1524 1239 1564 septingenti
1262 1524 1381 1564 equites
1394 1525 1415 1541 ¹⁵
1436 1525 1578 1561 hostium,
1593 1524 1760 1555 transitum

246 1581 418 1618 turbaturi,
436 1580 513 1621 jussi
535 1583 607 1611 811111
623 1581 652 1611 ¹⁶.
676 1581 791 1612 Contra
806 1592 883 1621 quos
903 1581 1002 1612 missis
1018 1582 1071 1621 qni
1093 1581 1219 1612 nimiam
1241 1591 1346 1612 eorum
1361 1582 1524 1612 audaciam
1545 1581 1759 1618 retunderent,

249 1638 354 1678 eisque
369 1648 430 1669 non
443 1638 508 1668 sine
530 1638 700 1677 ignominia
717 1641 748 1669 et
770 1638 884 1669 damno
900 1639 1041 1678 repulsis,
1055 1638 1152 1669 nostri
1174 1639 1287 1679 integri
1302 1639 1333 1669 in
1350 1638 1531 1669 ulteriorem
1546 1638 1645 1669 amnis
1659 1638 1761 1678 ripam

250 1698 452 1727 emerserunt.
476 1695 629 1726 Plurimos
650 1698 765 1732 tamen,
781 1705 858 1735 quas
872 1696 1001 1735 rapinae
1023 1695 1186 1735 cupiditas,
1209 1705 1322 1735 quosve
1343 1696 1456 1726 nimius
1477 1695 1593 1736 gloriae
1613 1695 1760 1735 splendor

247 1763 360 1794 pronos
381 1753 504 1792 agebat,
534 1752 671 1783 fluminis
692 1753 826 1792 impetus
854 1752 999 1792 perdidit.
1024 1753 1082 1783 Vix
1104 1753 1183 1784 bene
1204 1753 1339 1792 vestigiis
1366 1753 1482 1792 positis,
1510 1753 1600 1793 signa
1621 1752 1759 1783 hostium

248 1821 319 1842 cum
342 1811 493 1841 universis
514 1811 607 1851 copiis
622 1822 641 1842 a
655 1814 743 1850 tergo
764 1810 905 1841 aderant.
927 1810 1048 1841 Nostris
1070 1810 1147 1840 nihil
1169 1820 1262 1841 curae
1283 1810 1350 1844 fuit,
1367 1812 1401 1840 ut
1422 1820 1441 1841 a
1462 1810 1598 1840 transitu
1621 1808 1759 1840 fluminis

247 1867 447 1908 insequentes
461 1878 493 1899 se
507 1872 659 1899 arcerent.
682 1868 799 1899 Verum
820 1867 926 1898 eodem
947 1867 1075 1907 impetu,
1096 1877 1135 1897 ne
1149 1878 1168 1898 a
1182 1867 1401 1907 transjectione
1414 1868 1434 1884 ¹⁷
1456 1866 1554 1898 amnis
1569 1866 1756 1906 rapidissimi

249 1926 500 1966 prohiberentur,
521 1926 561 1956 ad
582 1926 729 1956 Adduam
749 1925 808 1956 iter
828 1927 999 1956 maturant.
1020 1924 1175 1956 Euntibus
1195 1935 1257 1955 non
1279 1925 1368 1965 longe
1390 1935 1408 1956 a
1430 1925 1581 1964 Bergamo
1603 1924 1655 1954 via
1675 1926 1752 1960 erat,

248 1994 267 2015 a
302 1994 363 2023 quo
394 1984 557 2024 quingenti
577 1984 598 2000 ¹⁸
630 1993 667 2014 ex
699 1983 829 2014 delectis
860 1983 985 2023 sepositi
1018 1983 1136 2022 equites
1163 1982 1313 2014 adversus
1344 1984 1464 2013 nostros
1495 1981 1655 2021 progressi
1675 1984 1757 2012 sunt.

258 2095 266 2111 ¹
286 2093 338 2121 Nei
353 2093 439 2122 codici
454 2093 514 2121 Nec
528 2102 634 2121 ratium
648 2093 745 2127 nobis;
765 2093 834 2121 Mur.
849 2093 898 2126 fiet
912 2093 986 2122 robis
1023 2095 1042 2112 1¹
1065 2094 1095 2122 V.
1116 2102 1157 2128 ep.
1176 2093 1323 2121 Eristimo

280 2137 358 2171 quod
377 2137 409 2164 dc
430 2137 538 2164 timidis
1026 2140 1046 2156 ’ἓ
1065 2138 1120 2166 ΡΡ.
1141 2138 1209 2165 duce

254 2183 265 2199 ‘2
284 2181 337 2208 Nei
357 2181 444 2208 codici
462 2181 595 2216 consiyz'te
1021 2184 1041 2200 ¹³
1061 2181 1113 2210 Nei
1133 2181 1217 2210 codici
1238 2181 1375 2209 vehebant

256 2227 267 2243 ³
286 2225 339 2253 Nei
358 2225 445 2254 codici
463 2227 609 2253 nmnerost
1024 2228 1044 2245 ⁴¹¹
1065 2227 1110 2254 Gr.
1124 2235 1220 2262 parra

256 2271 266 2287 ⁴
286 2270 353 2297 Reti:
373 2278 386 2297 e
405 2270 475 2298 Mur.
495 2272 547 2298 aut
561 2270 685 2306 olorense
705 2271 776 2298 mori
796 2270 927 2298 volumus
1024 2273 1043 2289 ¹⁵
1062 2271 1114 2299 Nei
1140 2270 1223 2298 codici
1249 2278 1372 2298 nossnna
1397 2269 1512 2305 virgola.
1539 2270 1609 2298 Mur.
1634 2269 1661 2297 la
1688 2277 1762 2304 pone

257 2315 269 2332 ⁵
289 2314 334 2342 Gr.
354 2316 453 2342 omette
472 2315 491 2342 il
512 2315 621 2349 periodo
642 2314 777 2343 Hostium
797 2322 849 2342 ecc.
1056 2316 1126 2350 dopo
1145 2316 1251 2350 equites

257 2360 268 2377 ⁶
288 2359 343 2387 Pr.
362 2359 456 2387 hebete
1023 2362 1043 2378 ⁴⁶
1063 2360 1129 2388 Rufi:
1149 2360 1202 2387 1·ἰεὶ
1226 2362 1311 2395 sunt,
1337 2360 1382 2387 Gr.
1405 2359 1432 2387 in
1453 2359 1576 2394 margine
1602 2359 1638 2386 ha
1658 2358 1683 2386 le
1704 2367 1760 2387 var.

257 2404 267 2420 ⁷
287 2403 341 2431 ΡΡ.
362 2404 465 2431 annota
489 2404 538 2432 che
562 2411 617 2431 non
643 2404 711 2432 tutti
729 2404 738 2431 i
757 2403 844 2431 codici
868 2404 984 2439 portatio
1057 2405 1110 2432 risi
1130 2414 1143 2432 e
1162 2404 1249 2439 missi,
1269 2412 1282 2431 6
1301 2404 1359 2431 dice
1379 2404 1427 2431 che
1450 2417 1459 2427 «
1482 2403 1634 2431 sententiae
1661 2402 1759 2431 melius

282 2449 380 2482 questa
399 2448 607 2476 eontinuazione
627 2448 699 2476 della
718 2447 817 2476 lettera
1058 2449 1226 2484 respondent
1240 2462 1248 2471 ι·

258 2493 269 2510 ⁸
287 2493 331 2520 Br.
346 2492 429 2520 edicti
442 2493 529 2526 prius
553 2501 588 2520 ne
605 2493 652 2520 61ιὶ
670 2493 834 2521 incendium
855 2493 885 2520 in
906 2493 984 2528 ayrz's
1021 2495 1042 2511 ¹⁷
1062 2493 1116 2520 PP.
1138 2493 1326 2528 transitione3
1345 2493 1391 2521 Gr.
1411 2501 1446 2521 ne
1465 2493 1636 2521 attractione

285 2537 396 2571 liceret,
416 2537 460 2565 Gr.
475 2546 488 2565 6
504 2537 563 2564 PM.
583 2537 670 2565 edocti
682 2538 771 2572 prius
784 2546 819 2565 oze
832 2538 879 2565 cm·
890 2537 984 2565 incon·
1024 2538 1044 2555 ¹⁸
1060 2538 1105 2567 ΒΓ.
1121 2538 1166 2566 Gr.
1179 2546 1192 2565 6
1208 2538 1267 2565 ΡΜ.
1287 2538 1344 2565 500
1362 2537 1485 2571 fortasse
1503 2545 1536 2565 ex
1555 2536 1666 2565 delectis
1683 2535 1759 2571 equi-

283 2581 359 2608 dium
376 2582 406 2608 m
420 2582 500 2616 (tyris
519 2582 628 2614 licere&
649 2581 695 2610 Gr.
709 2581 849 2618 aggiunge
863 2582 987 2610 hostium
1060 2581 1141 2616 tibus,
1159 2581 1290 2616 sepositis
1308 2581 1404 2616 equis3
1424 2580 1491 2608 Reff.
1505 2588 1539 2608 ew
1557 2580 1667 2608 delectis
1685 2580 1761 2615 equi-

261 2626 272 2643 9
291 2625 336 2653 Br.
356 2626 401 2654 Gr.
420 2634 434 2652 e
454 2626 520 2654 Roff.
541 2626 661 2653 E'ntiam
1061 2626 1143 2660 tibus,
1171 2625 1277 2660 equites
1308 2625 1445 2653 adversus
1476 2626 1588 2652 nostros
1612 2623 1762 2659 prom-essi

250 2671 271 2687 ¹⁰
291 2670 336 2698 Gr.
356 2670 460 2705 quibus
478 2671 664 2705 transgressis
1058 2671 1127 2698 sunt
