1845 3076
802 177 940 201 EPISTOLE
1590 169 1631 200 83

122 263 291 300 evanuisse,
312 263 345 294 in
365 272 470 303 quem,
495 262 521 293 si
543 261 697 302 quidquid
718 264 766 293 est
787 262 820 292 in
841 271 891 292 nie
913 261 1048 292 virium¹
1071 261 1186 301 ingenii
1207 261 1381 293 industriae
1401 261 1543 301 artisque
1563 271 1633 292 con-

123 321 226 352 tulero
237 321 256 359 2,
271 320 370 351 videri
390 329 552 359 nunquam
572 319 712 359 poter0‚³
732 318 795 350 sive
811 329 866 358 pro
890 318 1002 350 merito
1025 318 1150 349 virtutis
1164 318 1230 358 ejus
1247 318 1310 349 sive
1325 329 1381 358 pro
1396 318 1629 350 benevolentiae

123 379 156 409 in
176 387 226 409 me
246 377 349 408 studio
369 377 476 408 fecisse
496 376 580 407 satis.
608 376 705 416 Cujus
726 375 853 416 quidem
881 376 1146 416 promptissimum
1167 385 1242 415 erga
1268 385 1317 406 me
1337 376 1476 407 animum
1497 386 1568 407 cum
1590 385 1628 406 ex

122 434 192 466 aliis
212 434 319 465 multis
347 437 422 465 ante
442 433 523 465 hac⁴
544 436 612 464 tum
633 442 671 463 ex
699 443 735 464 eo
761 442 845 463 nunc
866 432 950 472 quod
977 432 1085 463 scribis
1106 432 1240 473 intelligi
1268 443 1363 473 quam
1385 433 1519 464 maxime
1546 433 1631 468 licet,

124 491 208 532 quod
228 491 310 523 curis
331 491 464 532 publicis
484 500 608 530 pressus
621 490 642 527 ⁵,
662 500 744 530 quae
770 489 819 521 vel
839 489 940 521 solum
961 489 1010 520 vel
1031 500 1087 529 pro
1115 493 1205 529 parte
1226 490 1384 529 plurima⁶
1403 490 1493 521 illum
1514 490 1632 522 contin-

123 552 212 589 gunt,
232 548 378 588 privatim
399 548 527 588 insuper
548 548 586 578 de
607 548 683 578 meis
703 547 837 578 fortunis
858 547 1073 587 propensiores
1092 546 1230 578 induerit
1250 548 1403 587 cogitatus
1416 548 1436 587 ⁷,
1458 549 1604 589 quodque
1622 549 1633 565 ὃ

122 606 234 638 absens
259 616 296 637 ac
315 616 377 637 non
408 605 551 645 petitus⁰
580 615 703 636 omnem
725 607 757 635 et
784 614 874 644 opem
897 607 929 635 et
950 614 1078 643 operam
1113 604 1146 634 in
1176 614 1247 635 mea
1277 606 1438 636 commoda
1467 606 1629 646 spondeat.

125 662 228 702 Quare
245 663 275 700 ¹⁰,
297 673 395 703 quum
417 662 501 693 illius
521 662 569 692 vel
591 662 737 692 eximiam
762 661 953 701 probitatem
974 661 1023 692 vel
1044 661 1246 701 praecipuam
1266 672 1342 699 erga
1362 673 1411 693 me
1432 663 1630 695 dilectionem

123 720 270 752 laudibus
290 719 453 751 scribendo
473 718 564 750 effers
581 720 611 755 ¹¹,
639 721 674 749 ut
694 729 756 749 non
777 719 884 759 ignota
912 718 987 749 mihi
1009 718 1053 749 sic
1072 718 1241 749 admodum
1261 722 1352 759 grata
1372 720 1541 759 praedicas,
1571 721 1632 752 Pro

124 787 260 818 quarum
281 777 383 808 altera
394 777 416 794 ¹²
437 777 563 817 quidem
578 786 683 807 omnes
704 776 844 807 homines
865 775 1022 807 debitores
1038 779 1112 807 sunt
1132 775 1263 807 laudum
1276 777 1306 814 ¹³³,
1329 787 1385 816 pro
1400 777 1502 808 altera
1515 778 1534 795 ¹⁴
1558 788 1631 809 vero

126 845 182 875 ego
203 835 298 865 etiam
313 835 336 851 ¹⁵
357 834 456 865 omnis
472 834 493 851 ¹⁶
513 833 613 865 officii.
636 833 813 870 Caeterum,
833 843 895 864 non
912 833 978 873 jam
994 836 1028 863 ut
1048 832 1205 870 admones,
1227 833 1281 864 sed
1297 844 1393 874 quum
1415 845 1529 866 novero
1544 835 1631 866 illuni

126 901 165 922 ex
186 891 300 922 Illirico
320 891 456 929 rediisse,
476 891 611 922 scribam
631 890 671 921 ad
694 900 776 928 eum,
805 892 836 921 et
857 900 927 921 cum
948 900 1004 930 pro
1024 893 1150 921 vetusta
1179 890 1396 922 benevolentia
1424 894 1491 923 tum
1513 894 1631 924 recenti

125 948 217 989 hujus
238 948 387 980 beneficio
407 958 502 980 novas
522 948 569 979 illi
589 948 706 988 gratias
727 958 826 988 agam.
848 947 935 978 Vale.

830 1078 926 1109 LXII.

498 1151 723 1184 SANCTO
766 1153 1106 1184 PEREGRINO
1147 1153 1174 1184 S.
1217 1153 1254 1184 D.

636 1236 833 1265 Josrmopom,
855 1237 921 1259 KAL.
944 1237 1011 1259 Arc.
1036 1229 1119 1259 1396.

436 1302 508 1337 (ΓΙ)
536 1311 563 1329 η.
583 1303 641 1336 55;
662 1319 692 1322 —
712 1303 749 1330 da
769 1304 828 1331 cod.
847 1303 892 1332 dei
910 1303 973 1332 ΡΡ.
994 1304 1155 1337 Rifbrmati
1168 1313 1191 1339 p
1220 1306 1277 1332 120
1293 1306 1325 1334 ί.)

203 1371 253 1403 Ita
275 1371 351 1402 mihi
367 1372 559 1412 propositum
576 1375 632 1410 est,
653 1376 689 1404 ut
704 1373 858 1413 deinceps
874 1374 1024 1414 quamdiu
1045 1384 1095 1405 me
1109 1374 1159 1405 hic
1179 1374 1306 1405 fortuna
1327 1374 1469 1406 detinere
1488 1374 1635 1411 voluerit,

122 1429 237 1467 nullus,
257 1439 314 1469 pro
333 1439 430 1469 posse,
449 1430 515 1460 sine
537 1430 613 1461 meis
636 1430 744 1467 literis,
765 1431 1073 1471 quantulaecumque
1094 1432 1197 1463 notari
1218 1432 1363 1472 poterint,
1391 1432 1433 1463 ad
1459 1434 1491 1463 te
1519 1433 1634 1464 veniat.

123 1486 172 1517 Sic
193 1486 276 1517 enim
298 1486 434 1518 multum
449 1487 525 1517 mihi
547 1487 674 1525 fastidii,
696 1498 757 1527 quo
773 1488 913 1528 undique
933 1489 1068 1520 vallatus
1084 1489 1104 1506 ¹⁴
1126 1500 1205 1527 sum,
1218 1489 1370 1526 auferam,
1385 1493 1416 1520 et
1432 1490 1490 1521 tibi
1512 1490 1633 1530 aliquid

123 1544 356 1580 oblectamenti,
370 1546 406 1574 ut
420 1546 506 1584 puto,
527 1544 675 1575 tribuam.
697 1544 796 1576 Video
817 1545 909 1582 enim,
930 1549 961 1577 te
983 1546 1015 1576 in
1036 1546 1085 1577 his
1104 1546 1215 1577 studiis
1236 1546 1387 1578 delectari
1403 1548 1433 1583 ¹⁸,
1457 1550 1488 1578 et
1502 1548 1534 1578 in
1551 1548 1634 1587 ipsis,

123 1604 160 1632 ut
175 1611 224 1632 res
238 1602 366 1638 indicat,
381 1605 602 1633 consecuutum
624 1612 688 1634 esse
700 1603 721 1619 ¹⁰
740 1613 802 1634 non
816 1613 926 1643 pauca.
942 1603 1044 1634 Tuum
1057 1614 1130 1644 ergo
1144 1604 1294 1635 honorem
1309 1605 1340 1635 in
1352 1605 1516 1636 scribendo
1530 1609 1634 1637 tecum

123 1669 240 1699 geram,
261 1669 380 1690 memor
398 1658 484 1689 illius
504 1659 673 1691 laudabilis
692 1659 778 1697 dieti,
799 1660 882 1700 quod
904 1661 936 1691 in
957 1661 1119 1701 cujusdam
1139 1661 1281 1692 moderni
1300 1662 1432 1693 oratoris
1454 1663 1595 1703 exemplo
1611 1664 1633 1680 ³⁰

123 1715 234 1747 vidisse
255 1726 304 1747 nie
324 1716 426 1747 recolo
438 1717 469 1747 ‘·'¹.
491 1716 576 1753 Sum,
592 1720 624 1747 et
645 1727 717 1748 vere
729 1717 818 1754 bene,
834 1728 924 1749 unus.
941 1718 989 1749 Sic
1006 1718 1089 1758 quod
1101 1719 1123 1735 ²²
1144 1721 1176 1749 te
1192 1729 1289 1749 unum
1305 1723 1336 1750 et
1357 1719 1437 1751 bene
1458 1730 1555 1750 unum
1570 1730 1637 1752 esse

124 1773 261 1814 cognovi,
282 1776 318 1805 ut
332 1784 429 1805 unum
452 1776 484 1805 te
500 1774 652 1814 alloquar.
674 1775 811 1806 Multum
826 1786 901 1807 sane
922 1776 998 1806 mihi
1009 1776 1216 1816 jucunditatis
1231 1777 1408 1808 attulerunt
1423 1777 1534 1809 literae
1550 1781 1635 1814 tuae,

128 1834 160 1862 et
180 1841 242 1862 non
262 1841 375 1871 parum
404 1832 469 1872 spei
496 1831 642 1863 firmioris
663 1832 804 1873 adjecere
819 1833 852 1870 ²²³,
880 1833 934 1873 qui
955 1833 1066 1873 dignus
1079 1843 1147 1864 sum
1168 1834 1294 1865 habitus
1315 1835 1401 1874 apud
1422 1837 1463 1872 te,
1492 1835 1546 1875 qui
1568 1838 1634 1866 tam

127 1889 250 1929 egregie
278 1889 430 1920 dictatam
458 1889 621 1929 epistolam
650 1900 669 1921 a
688 1892 720 1920 te
741 1890 937 1930 susciperem.
968 1890 1033 1921 Nec
1060 1891 1129 1922 ideo
1156 1891 1283 1931 placuit,
1312 1892 1386 1932 quia
1413 1891 1523 1923 laudes
1551 1903 1637 1923 meas

127 1946 277 1983 continet,
299 1946 353 1977 sed
375 1946 450 1986 quia
470 1949 536 1977 tani
564 1947 703 1987 graviter
733 1950 764 1978 et
795 1950 906 1979 ornate
926 1948 1056 1988 digesta,
1084 1959 1217 1989 magnae
1238 1948 1454 1980 delectationis
1481 1953 1569 1981 extat
1591 1951 1636 1981 in-

125 2003 247 2035 ditium.
267 2003 348 2042 Quid
364 2007 471 2035 tamen
485 2004 523 2035 de
538 2014 576 2035 ea
589 2004 757 2036 meduliter
776 2006 919 2043 sentiam,
935 2006 1039 2037 dicere
1057 2006 1123 2046 jam
1138 2017 1200 2037 non
1220 2009 1311 2038 vacat
1325 2017 1331 2043 ;
1353 2007 1406 2037 sed
1422 2017 1477 2047 per
1490 2007 1634 2047 primum,

123 2071 217 2101 quem
230 2061 252 2078 ‘³⁴
273 2062 370 2093 sciero
382 2062 404 2078 ⁰⁵
425 2062 465 2092 ad
480 2065 512 2093 te
527 2065 702 2099 venturum,
724 2061 865 2094 diffusius
880 2063 939 2095 tibi
959 2064 1102 2095 scribam.
1118 2064 1205 2100 Vale,
1220 2064 1343 2095 animae
1360 2075 1447 2096 meae
1462 2065 1635 2097 dimidium.

132 2147 139 2164 ⁴
162 2146 217 2174 ΡΡ.
235 2146 340 2174 virium
898 2148 918 2166 Η
938 2147 990 2175 Nei
1010 2147 1095 2176 codici
1115 2148 1204 2176 allero

133 2191 144 2209 ‘³
162 2191 209 2218 Br.
228 2190 384 2218 contulero.
409 2190 505 2219 Videri
898 2194 920 2211 ¹⁵
938 2194 993 2222 ΡΡ.
1014 2195 1041 2221 et

132 2236 142 2254 ³
161 2235 218 2263 ΡΡ.
232 2236 350 2270 poterat
899 2239 921 2255 ¹⁶
940 2238 996 2266 ΡΡ.
1016 2246 1112 2265 omnes

133 2279 143 2299 ⁴
163 2279 240 2308 Ram.
260 2279 311 2307 hoc
899 2283 921 2300 ¹⁷
945 2282 1083 2315 Vallatus,
1102 2282 1240 2310 assedi-ato

132 2324 142 2343 Ξ·
160 2324 238 2352 Ram.
251 2324 357 2358 paucis
370 2332 491 2358 pressus
896 2327 918 2343 ¹⁸
938 2326 1083 2354 Delectari
1102 2327 1201 2360 aliqua
1220 2336 1234 2353 c
1256 2327 1286 2353 in
1305 2327 1404 2361 aliqua
1423 2336 1454 2355 rc

135 2368 146 2388 ⁶
166 2368 221 2397 ΡΡ.
234 2368 402 2403 plurimum
899 2372 921 2388 1⁹
940 2371 995 2399 PP,
1016 2371 1081 2404 fore

133 2413 143 2432 7
163 2413 218 2441 ΡΡ.
237 2412 420 2448 coyitatioues
899 2415 922 2432 ²0
940 2415 995 2443 ΡΡ.
1013 2415 1144 2450 exempla.

133 2458 144 2476 ⁸
163 2458 219 2486 ΡΡ.
238 2465 415 2492 quamquam
896 2460 917 2477 ²¹
937 2459 1051 2493 Recolo,
1071 2459 1190 2494 ripense,
1211 2459 1327 2488 ricordo.

132 2501 144 2522 ⁹
162 2502 239 2530 Ram.
252 2501 361 2536 petitas
380 2501 455 2528 enim
898 2505 921 2521 ‘²¹²
939 2504 994 2531 ΡΡ.
1013 2504 1130 2539 qmzndo

121 2547 146 2566 ⁴0
169 2546 264 2582 Quare
282 2553 330 2581 per
347 2546 531 2580 quapropter,
551 2545 735 2580 quamohrem
902 2549 925 2565 ‘³3
944 2547 1055 2575 Scilicet
1075 2548 1146 2576 milii

123 2592 143 2609 ¹¹
165 2591 220 2618 ΡΡ.
239 2590 342 2625 εἱίεαςς
361 2590 439 2617 Ram.
458 2589 549 2617 estitis
901 2593 923 2609 ‘²⁴
943 2592 998 2619 ΡΡ.
1017 2600 1104 2627 quam

123 2635 149 2654 ¹2
167 2634 220 2663 Nei
239 2635 326 2662 codici
345 2642 466 2669 quorum
485 2633 573 2662 altero
897 2637 920 2654 2⁵
939 2636 994 2664 ΡΡ.
1014 2636 1140 2664 scrivere

123 2681 145 2700 ¹³
166 2680 244 2708 Ram.
263 2679 364 2708 ludum
