1845 3076
741 195 877 219 Eris‘rom:
1525 188 1564 218 95

768 352 859 383 Lxx.

562 425 598 456 D.
620 425 794 457 REMIGIO
815 426 1070 458 SUPERANTIO

299 480 676 513 JUSTINOPOLITANA
697 482 916 514 PRAETURA
937 483 1097 515 FUNCTO
1121 484 1196 514 1390
1216 484 1244 515 S.
1267 484 1301 515 D.
1319 485 1326 501 ¹

560 565 756 594 Jusrmorom,
778 566 844 588 KAL.
868 567 933 588 MAJ.
958 558 1032 588 1412
1048 558 1066 589 ².

221 630 286 663 (Rs.
300 640 332 666 p.
352 632 387 658 51
402 634 419 658 Ι.
440 640 454 659 e
472 632 531 664 86‚·
552 648 582 651 ——
604 632 688 659 Ram.
702 641 733 666 J).
753 632 791 658 -18
805 634 841 665 l.,·
863 649 893 651 —
914 632 985 660 PM.
1004 641 1024 660 c.
1046 633 1147 661 11:3t.:
1170 649 1200 652 ἢ
1220 633 1282 660 ΡΡ.
1302 641 1329 660 n.
1349 634 1407 666 93.)

139 718 286 758 Magnam
307 718 391 758 apud
413 718 551 749 homines
571 720 690 749 nostros
704 719 770 759 ejus
789 719 946 759 temporiS‚
967 730 1028 759 quo
1049 720 1099 751 hic
1120 720 1216 757 fuisti,
1232 722 1264 751 et
1278 720 1403 751 laudem
1419 722 1449 751 et
1471 720 1562 752 bene-

58 774 226 806 volentiam
241 778 447 815 consequutus
462 786 503 811 es,
518 775 600 815 quod
615 776 646 806 in
663 779 797 816 utraque
820 786 947 815 persona
970 777 1117 807 eximium
1132 777 1289 817 quendam
1305 777 1404 807 virum
1420 778 1560 817 cognosci

59 834 91 863 te
106 832 284 871 praebuisti.
310 832 389 863 Nam
404 835 435 863 et
451 833 649 872 magistratus
671 833 911 873 amplitudinem
934 844 1004 864 cuni
1028 844 1148 864 summa
1164 835 1174 851 ³
1196 834 1315 874 gessisti
1336 834 1560 871 moderatione,

51 892 90 920 ·et
112 890 251 928 privatus
272 889 316 920 ita
337 889 580 921 moderationem
602 890 781 926 adhibuisti,
807 893 842 921 ut
864 891 1047 930 dignitatem
1076 894 1164 921 tuam
1186 891 1374 931 amplissime
1396 893 1526 922 tuereris
1541 892 1561 922 ⁴.

58 945 167 986 Neque
189 946 270 976 enim
292 947 492 986 supercilium
507 948 517 963 ⁵
540 947 749 987 magistratus,
779 948 918 987 quamvis
947 948 1071 988 egregii,
1099 949 1138 979 de
1169 951 1225 979 tua
1251 948 1342 979 solita
1366 949 1561 988 benignitate

55 1002 223 1034 detrahere
244 1003 415 1043 quidquam
436 1004 596 1043 potuit‚—
611 1007 641 1035 et
663 1008 707 1042 tu,
723 1008 792 1044 post
806 1015 877 1035 euni
899 1004 1082 1044 depositum,
1097 1006 1141 1036 ita
1157 1006 1343 1045 dignitatem
1364 1006 1502 1042 servasti,
1526 1008 1562 1037 ut

58 1059 156 1100 magis
183 1070 221 1091 ex
249 1063 281 1091 te
309 1061 468 1092 accessisse
495 1061 540 1091 illi
568 1061 774 1101 splendorem,
801 1073 894 1102 quam
922 1065 957 1093 tu
987 1063 1059 1093 iude
1086 1063 1250 1102 sumpsisse
1279 1063 1421 1094 videaris,
1449 1063 1561 1103 Itaque

56 1117 167 1155 nescio,
189 1127 228 1148 ne
249 1118 347 1158 magis
370 1121 401 1149 te
426 1118 471 1148 illi
494 1119 647 1149 mirentur
671 1130 711 1149 an
732 1122 848 1156 ament,
869 1119 951 1159 quod
973 1120 1004 1150 in
1030 1123 1163 1160 utroque
1186 1121 1410 1160 propemodum
1435 1120 1562 1160 equales

56 1174 99 1205 eis
129 1175 301 1206 occasiones
328 1176 510 1215 praebuisti.
539 1177 602 1216 Ego
630 1187 701 1207 vero
730 1177 783 1216 qui
811 1177 857 1207 vir
880 1187 958 1208 esses
972 1179 992 1214 ὃ,
1023 1177 1098 1208 dum
1124 1178 1285 1217 publicum
1312 1187 1425 1209 munus
1444 1188 1561 1218 ageres

55 1241 118 1262 non
139 1232 216 1263 satis
235 1233 300 1273 ipse
321 1233 500 1274 dignoscere
522 1234 618 1274 potui,
637 1235 794 1273 quoniam,
816 1235 922 1274 paucis
944 1238 1012 1274 post
1033 1235 1141 1266 diebus
1161 1246 1256 1275 quam
1278 1235 1337 1275 huc
1357 1235 1479 1272 accessi,
1501 1246 1563 1266 ma-

56 1292 221 1332 gistratum
250 1293 282 1323 te
303 1291 457 1331 deponere
486 1291 622 1331 contigit.
652 1291 687 1321 In
708 1291 819 1322 habitu
836 1302 906 1322 vero
935 1292 1055 1332 privato
1070 1292 1123 1332 qui
1139 1293 1188 1329 sis,
1214 1292 1339 1323 abunde
1362 1293 1447 1329 mihi,
1476 1293 1563 1324 brevi

58 1349 132 1380 licet
151 1351 300 1388 tempore,
321 1352 501 1388 perspectus
514 1349 524 1365 ⁷
546 1359 587 1379 es.
610 1348 705 1388 Cujus
726 1349 957 1379 conversatione
977 1359 1045 1379 sum
1067 1350 1111 1380 ita
1134 1348 1273 1386 affectus,
1302 1352 1336 1380 ut
1356 1350 1408 1381 vix
1429 1359 1562 1390 usquam

57 1406 175 1446 majore
203 1416 272 1436 cum
298 1406 413 1443 fructn,
444 1416 602 1445 nusquam
633 1408 716 1436 certe
743 1406 862 1446 majore
890 1416 960 1436 011111
988 1406 1150 1445 voluptate
1177 1416 1241 1437 esse
1270 1407 1448 1446 potuissem.
1480 1406 1562 1438 Nam

55 1466 92 1494 ut
118 1462 306 1503 quotidianis
332 1463 394 1493 tuis
422 1463 560 1493 moribus
588 1463 725 1503 gravitas
752 1462 889 1502 plurima
916 1463 1027 1499 inerat,
1054 1463 1099 1494 ita
1129 1464 1221 1494 eratS
1250 1463 1281 1494 111
1312 1464 1395 1495 0111111
1421 1474 1562 1495 sermone

55 1519 216 1556 festivitas,
239 1522 370 1559 eratque
391 1530 429 1550 ex
451 1519 589 1556 adverso,
612 1523 647 1550 ut
668 1520 767 1550 omnis
788 1529 889 1551 sermo
910 1524 1063 1556 maturus,
1091 1520 1136 1551 ita
1158 1524 1190 1551 et
1212 1521 1322 1551 modus
1343 1523 1509 1561 gestusque
1530 1521 1565 1552 in

55 1577 139 1608 omni
160 1577 392 1608 conversatione
411 1576 579 1617 jucundus.
599 1576 658 1607 Sed
679 1579 711 1608 et
731 1577 845 1616 peritia
866 1577 1029 1608 literarum
1050 1580 1150 1614 tanta,
1180 1580 1216 1608 ut
1237 1578 1277 1608 de
1297 1578 1441 1617 plurimis
1467 1579 1562 1609 maxi-

55 1635 176 1674 misque
196 1634 289 1666 rebus
310 1634 399 1665 docte
414 1637 446 1665 et
460 1633 563 1665 dicere
576 1636 608 1665 et
621 1634 761 1665 conferre
784 1644 895 1674 posses
918 1637 1104 1674 tantumque
1126 1635 1266 1666 studium
1287 1635 1509 1672 doctrinarum,
1526 1638 1562 1666 ut

56 1693 96 1723 de
109 1692 198 1723 nulla
210 1702 245 1723 re
258 1691 367 1722 malles
383 1702 477 1731 quam
491 1691 529 1722 de
545 1691 643 1722 literis
665 1691 895 1731 disciplinisque
909 1692 1060 1723 conferre.
1081 1691 1289 1730 Quamobrem
1306 1703 1367 1724 non
1382 1693 1469 1732 potui
1484 1693 1562 1724 mihi

55 1749 154 1781 videri
175 1759 231 1789 per
246 1749 303 1780 1100
316 1751 440 1788 tempus
454 1759 473 1779 a
487 1748 596 1779 studiis
611 1749 622 1765 ⁹
642 1749 682 1780 ab
696 1749 791 1779 fuisse
813 1748 938 1788 quando
952 1749 1009 1779 tali
1025 1748 1135 1780 comite
1150 1750 1364 1789 participeque
1385 1750 1562 1781 studiorum

57 1807 105 1838 uti
118 1806 264 1838 licuisset.
286 1806 372 1837 Haec
385 1809 492 1837 autem
506 1806 690 1844 efficiebant,
703 1808 739 1836 ut
753 1816 816 1837 non
836 1808 916 1837 esset
932 1806 1007 1836 mihi
1022 1806 1154 1837 molesta
1166 1807 1187 1823 ¹0
1202 1806 1295 1847 hujus
1309 1807 1367 1838 loci
1383 1807 1562 1839 diuturnior

58 1874 146 1895 mora
161 1864 191 1901 ¹²,
212 1864 244 1894 in
265 1874 335 1903 quo,
356 1864 480 1894 tametsi
494 1873 563 1893 sum
577 1863 690 1901 editus,
711 1874 832 1903 semper
853 1866 958 1894 tamen
980 1863 1028 1894 vel
1050 1863 1193 1904 exiguam
1209 1864 1424 1895 molestissime
1444 1865 1526 1896 ferre
1539 1866 1562 1882 ¹²

56 1922 148 1953 soleo.
168 1921 217 1952 Ab
232 1921 367 1952 infantia
387 1921 469 1951 enim
485 1920 568 1951 inter
582 1921 687 1951 studia
707 1920 871 1952 literarum
893 1921 1030 1952 enutrito
1051 1921 1189 1953 insuavis
1203 1925 1249 1952 est
1264 1921 1339 1952 mihi
1361 1922 1459 1952 omnis
1474 1933 1561 1961 prae-

56 1981 201 2019 terquam
229 1989 299 2009 cum
321 1977 418 2008 doctis
446 1977 622 2009 hominibus
650 1978 850 2009 conversatio.
879 1978 990 2018 Itaque
1011 1989 1073 2017 qua
1093 1978 1143 2009 die
1164 1979 1236 2009 hinc
1251 1979 1367 2016 abiisti,
1384 1979 1404 1996 ¹³
1426 1989 1463 2010 ea
1482 1979 1560 2010 mihi

56 2036 140 2067 visus
152 2045 221 2067 sum
242 2035 377 2075 primum
392 2035 456 2074 ipse
473 2035 597 2065 venisse.
621 2034 710 2066 Unde
724 2037 756 2066 et
769 2046 863 2075 quam
885 2035 1019 2075 primum
1041 2036 1128 2066 abire
1145 2036 1244 2075 cupio.
1267 2036 1294 2066 N
1298 2047 1349 2067 am
1364 2038 1408 2075 ut,
1429 2039 1460 2067 te
1475 2047 1561 2076 prae-

56 2095 153 2132 sente,
173 2092 263 2123 nulla
282 2094 407 2132 poterat
428 2102 492 2122 esse
513 2092 632 2131 longior
653 2092 799 2123 manendi
821 2103 916 2129 mora,
946 2093 990 2123 ita
1011 2103 1074 2129 nec,
1103 2093 1231 2124 absente
1252 2095 1292 2128 te,
1321 2093 1387 2124 ulla
1408 2093 1524 2133 poterit
1538 2095 1559 2111 ¹⁴

56 2150 132 2181 satis
154 2149 251 2181 videri
271 2149 380 2180 brevis
404 2149 481 2180 Vale
499 2149 526 2179 ¹⁵.

69 2244 77 2261 ¹
98 2243 197 2270 Manca
216 2241 375 2269 l'indirizzo
395 2241 438 2269 nel
460 2242 536 2269 Ram.
556 2250 570 2270 e
589 2242 632 2269 nel
653 2242 718 2270 Reff.
838 2245 848 2261 ⁹
869 2243 934 2271 Ruff.
956 2245 1073 2278 stempas,
1093 2246 1119 2271 et
1137 2244 1241 2271 studiis

68 2289 79 2306 ²
99 2288 139 2315 La
157 2287 222 2315 datu
241 2287 285 2314 nel
305 2286 363 2314 solo
383 2286 450 2314 Roff.
830 2289 851 2305 ¹⁰
872 2289 915 2316 ΒΓ.
936 2288 995 2316 PM.
1017 2288 1092 2315 Ram.
1114 2288 1240 2316 moles-(ia

67 2334 78 2351 ³
96 2332 173 2360 Ram.
191 2340 262 2359 cura
280 2339 392 2359 summa
829 2334 848 2350 ¹¹
869 2332 944 2360 Ram.
959 2340 1093 2366 pei-more
1111 2331 1185 2360 ossi-a
1198 2340 1370 2367 permanere

69 2377 79 2394 ⁴
99 2376 153 2403 PP.
172 2375 290 2403 mereris
831 2377 852 2394 ¹²
871 2377 916 2404 ΒΓ.
937 2377 997 2404 PM.
1016 2376 1075 2409 fere

70 2423 80 2439 ἵ·
98 2421 176 2448 Ram.
194 2429 280 2455 snper
298 2419 387 2447 alium
830 2422 851 2438 ¹³
871 2421 915 2449 ΒΥ,
935 2421 969 2448 86
989 2421 1073 2448 abisse

69 2467 81 2484 ⁶
99 2466 166 2493 Reff.
183 2472 211 2492 es
830 2466 851 2483 ¹⁴
870 2465 937 2493 Rvff.
952 2467 1046 2500 potest

68 2512 79 2528 ⁷
99 2510 154 2537 PP.
168 2516 322 2544 perspecus
830 2511 850 2527 ¹⁵
869 2509 904 2537 sn
925 2510 969 2537 ΒΓ.
989 2518 1086 2537 manca
1114 2509 1196 2545 Vale,
1218 2510 1276 2537 PM.
1291 2511 1378 2540 scrive
1399 2513 1563 2548 imperfecta

69 2555 81 2572 ⁸
98 2553 165 2582 Reff.
188 2553 228 2580 ita
247 2555 273 2581 et
292 2554 354 2581 erat
