1845 3076
269 158 307 188 32
898 168 923 190 P.
945 167 969 190 P.
992 167 1140 191 vERGEfflo

270 248 412 280 »tollere
433 249 552 287 studeo,
575 250 607 280 in
628 250 772 290 graviora
792 250 1074 291 perniciosioraque
1094 251 1225 283 veniam.
1247 252 1301 283 Vis
1323 253 1405 284 enim
1426 256 1462 284 ut
1478 264 1606 285 uxorem
1627 254 1783 286 habeam„

268 319 284 334 >›
299 307 356 336 Ast
378 316 433 346 ego
453 317 562 338 vereor
578 308 596 344 ¹,
617 317 656 338 ne
679 317 728 339 me
746 307 864 339 habeat
883 308 1009 339 femina.
1032 308 1176 348 Namque
1190 309 1356 350 imperiosa
1377 310 1494 348 bellua,
1517 311 1771 352 horrendumque

268 377 284 391 >›
299 366 482 401 monstrum,
504 374 667 404 nunquam
681 374 713 395 se
728 364 899 405 quidquam
917 365 998 405 juris
1019 365 1051 396 in
1066 376 1100 397 re
1114 365 1261 398 familiari
1281 367 1397 399 habere
1413 368 1580 406 existimat,
1601 369 1660 400 nisi
1675 379 1771 409 quum

266 433 282 448 »
297 422 461 461 conjugem
483 422 493 437 ‘²
515 423 717 461 caeterosque
739 422 922 453 domesticos
943 423 1079 454 violenta
1103 424 1260 464 subegerit
1283 425 1303 456 ³.
1325 424 1385 456 Sed
1406 425 1483 456 haec
1503 426 1512 442 ⁴
1534 426 1651 457 omitto.
1674 425 1743 457 Non
1756 427 1768 443 5

266 490 282 506 »
299 478 381 509 enim
402 488 509 509 sexum
541 478 624 510 hunc
645 481 690 509 est
721 479 798 510 mihi
818 479 903 511 cordi
924 480 1082 518 damnare,
1115 491 1209 521 quem
1231 482 1300 512 usui
1331 482 1570 522 necessitatique
1591 483 1771 514 mortalium

268 548 283 563 »
297 538 414 566 natura
433 535 538 573 dedit;
559 546 667 567 verum
689 546 738 568 eos
753 537 833 568 viros
854 537 1049 568 damnandos
1064 548 1182 575 censeo,
1203 539 1257 578 qui
1272 539 1351 570 bono
1372 539 1496 579 ingenio
1517 539 1653 579 praediti
1674 540 1770 579 philo·

266 606 281 620 »
296 593 423 632 sophiae
443 593 636 633 caeterisque
672 594 759 625 bonis
786 594 907 626 artibus
927 594 1025 626 dediti
1043 596 1063 633 ὁ,
1094 596 1211 627 blanda
1230 596 1289 627 sibi
1310 606 1436 627 suorum
1451 596 1624 627 studiorum
1645 597 1772 637 impedi-

265 662 281 677 »
297 652 404 680 menta
424 651 621 691 perquirunt
644 651 756 691 Itaque
777 651 855 682 haec
875 652 994 691 omitto,
1015 655 1047 683 et
1066 652 1108 684 ad
1128 663 1177 684 me
1198 654 1296 690 venio,
1318 664 1336 684 a
1358 664 1419 693 quo
1447 656 1512 684 tam
1535 652 1700 685 affectuose
1721 664 1772 693 po-

266 720 281 735 »
297 709 394 738 steros
416 707 469 738 vis.
492 707 579 746 Quod
601 719 639 739 ne
661 708 757 740 facias
777 719 894 740 moneo.
918 708 988 740 Non
1010 710 1092 740 enim
1112 710 1145 740 in
1167 709 1239 741 filiis
1259 710 1313 741 sed
1334 711 1366 741 in
1387 711 1502 741 virtute
1525 713 1570 742 est
1590 711 1772 751 quaerenda

265 777 280 792 >>
298 765 472 804 posteritas.
495 765 589 797 Filios
604 776 739 806 namque
756 767 843 797 nobis
863 766 1049 807 plerumque
1061 767 1169 807 quales
1184 768 1327 798 nolumus
1341 768 1503 808 gignimus,
1517 769 1687 808 qualesque
1701 772 1771 808 post

265 835 280 849 »
299 822 404 863 pigeat
425 823 573 863 genuisse.
597 822 753 862 Quidquid
768 826 874 854 autem
896 835 934 855 ex
952 824 1068 855 virtute
1088 824 1133 863 fit,
1156 827 1187 856 et
1201 825 1341 856 volumus
1364 828 1395 856 et
1417 825 1561 856 delectat.
1585 825 1772 857 Caeterum⁷

267 892 282 905 >›
298 879 427 910 nimium
448 880 524 910 1111111
544 880 646 912 verbis
667 881 729 911 tuis
743 881 895 921 indulges,
916 882 1047 912 nimium
1068 882 1143 912 mihi
1159 883 1292 913 blandus
1315 893 1354 913 es.
1376 882 1446 913 Non
1463 883 1545 913 enim
1565 885 1597 913 te
1619 892 1698 920 mea,
1716 882 1771 914 sed

266 950 281 964 »
297 947 346 968 me
378 939 434 968 tua
462 937 581 977 judicia
610 941 751 978 spectare
783 949 841 978 par
861 941 916 976 est,
937 939 1020 979 quod
1036 940 1223 980 jamdudum
1245 940 1349 971 animo
1370 939 1467 971 solido
1488 940 1555 970 feci.
1578 939 1665 970 Nihil
1687 940 1769 971 enim

266 1007 281 1021 >s
298 994 405 1031 fixum,
427 995 506 1025 nihil
527 994 745 1033 deliberatum,
767 996 844 1026 nihil
867 996 933 1027 sine
954 996 1012 1027 hac
1034 997 1209 1028 conditione
1230 999 1284 1034 est,
1307 999 1342 1027 ut
1357 1007 1437 1037 quae
1457 997 1525 1028 volo
1546 1000 1600 1028 tuo
1622 1007 1771 1028 consensu

264 1064 279 1079 »
298 1054 372 1082 rata
404 1051 498 1082 facias
512 1052 531 1082 ’ἦ
562 1052 609 1083 De
631 1053 689 1084 hoc
710 1053 817 1093 itaque
849 1063 885 1084 ac
906 1054 944 1084 de
966 1054 1104 1094 reliquis,
1137 1064 1217 1094 quae
1238 1055 1269 1084 in
1292 1065 1339 1085 me
1361 1057 1444 1091 sunt,
1471 1054 1599 1094 dispone
1625 1056 1661 1084 ut
1682 1054 1766 1085 libet.

261 1121 276 1137 »
293 1108 354 1140 Sed
387 1109 472 1145 scito,
506 1109 598 1149 quod,
636 1110 661 1140 si
695 1120 744 1141 me
776 1120 872 1142 uxore
907 1112 1040 1150 premis,
1072 1121 1195 1142 omnem
1228 1122 1263 1142 ea
1299 1112 1349 1142 die
1389 1112 1569 1143 libertatem
1599 1112 1610 1127 ⁹
1643 1111 1763 1148 adimis,

260 1180 277 1193 »
293 1167 509 1206 gratissimum
524 1170 555 1198 et
570 1167 770 1207 importabile
787 1168 906 1208 pondus
921 1168 1058 1199 humeris
1072 1169 1148 1199 meis
1163 1169 1260 1205 addis,
1282 1169 1472 1209 bonumque,
1493 1170 1518 1199 si
1533 1169 1615 1209 quod
1630 1179 1770 1209 unquam

260 1235 276 1250 >³
294 1223 460 1254 habiturus
475 1233 553 1261 sum,
568 1224 626 1255 hoc
641 1235 703 1255 uno
717 1224 800 1256 deles
817 1228 1010 1256 momento.»
1034 1226 1079 1256 Ex
1096 1226 1143 1257 his
1157 1226 1260 1257 verbis
1276 1227 1415 1257 animum
1430 1226 1611 1266 dignoscens
1627 1226 1647 1242 ¹⁰
1663 1227 1771 1266 (quem

258 1280 405 1317 fortassis,
426 1284 463 1311 ut
483 1281 600 1318 dicunt,
621 1292 691 1312 cum
713 1282 802 1313 annis
823 1283 961 1319 mutabo,
977 1283 1031 1314 sed
1048 1294 1148 1323 neque
1169 1293 1223 1324 ego
1246 1284 1423 1323 importune
1446 1284 1669 1314 00110011011111
1692 1293 1770 1314 asse-

262 1347 369 1368 verare
390 1339 499 1375 ausim,
522 1339 575 1378 qui
596 1349 657 1370 non
679 1339 813 1370 multum
835 1340 911 1370 mihi
932 1340 1066 1380 confido)
1089 1344 1181 1380 patei·
1202 1351 1250 1371 me
1272 1341 1348 1371 meis
1369 1341 1502 1372 liberum
1517 1341 1538 1357 ¹²
1556 1340 1681 1381 judiciis
1703 1340 1771 1371 reli-

259 1395 336 1435 quit.
369 1394 429 1426 Sed
451 1406 507 1426 nec
529 1406 566 1427 ex
589 1396 646 1428 hoc
660 1397 781 1438 integer
803 1397 887 1428 exire
909 1398 1007 1437 potui,
1029 1398 1105 1438 quin
1119 1398 1138 1415 ¹⁴⁰¹
1160 1399 1262 1429 acrius
1284 1398 1432 1438 pulsarer.
1457 1397 1544 1436 Quod
1566 1398 1648 1428 enim
1669 1401 1769 1437 pater,

260 1453 313 1492 qui
335 1453 404 1492 plus
436 1454 467 1483 111
490 1464 538 1484 me
556 1454 628 1494 jure
659 1455 815 1495 sanguinis
847 1458 957 1495 potest,
979 1455 1094 1487 blande
1130 1456 1318 1495 persuadere
1340 1458 1516 1492 curaverat,
1536 1455 1630 1486 1100Η
1652 1455 1767 1495 reliqui

259 1510 364 1540 affines
385 1510 553 1542 indiscreta
568 1512 741 1551 pertinacia
758 1523 866 1553 cogere
880 1513 1091 1545 moliebantur
1106 1514 1135 1544 ¹⁵.
1157 1513 1282 1549 Dicunt,
1301 1524 1349 1544 me
1368 1523 1481 1544 novum
1502 1513 1624 1543 vivendi
1640 1513 1766 1543 modnm

256 1567 438 1599 adinvenire
459 1569 548 1606 velle,
571 1572 601 1600 et
622 1570 754 1600 caeteris
767 1570 988 1610 sapientiorem
1003 1580 1067 1602 esse
1084 1572 1111 1602 ¹⁶.
1139 1570 1296 1607 Nesciunt,
1318 1581 1414 1611 quam
1434 1580 1545 1602 novam
1567 1570 1766 1610 astrologiam

257 1626 460 1665 conceperim,
483 1630 517 1656 ut
538 1627 692 1667 majorum
723 1637 863 1659 meorum
885 1629 1014 1669 vestigia
1034 1629 1122 1669 sequi
1144 1629 1257 1660 nolim:
1291 1628 1387 1659 verba
1408 1629 1518 1668 utique
1545 1628 1683 1659 moribus
1704 1627 1767 1658 suis

256 1682 361 1723 digna,
377 1686 408 1714 et
429 1694 513 1723 quae
528 1684 635 1724 quales
657 1685 719 1715 sint
734 1685 896 1724 loquentes
911 1685 1003 1725 plane
1018 1687 1232 1717 demonstrent
1250 1687 1279 1716 ¹⁷.
1301 1686 1424 1717 Novum
1440 1686 1594 1726 siquidem
1607 1685 1690 1725 apud
1705 1694 1764 1721 eOS‚

256 1741 309 1772 sed
331 1744 468 1772 veterem
491 1744 522 1772 et
543 1741 708 1772 laudatum
730 1743 814 1782 apud
836 1743 992 1782 sapientes
1013 1744 1138 1775 modum
1160 1744 1281 1775 vivendi
1302 1754 1425 1775 servare
1449 1744 1549 1783 cupio,
1571 1746 1603 1774 et
1624 1748 1661 1774 ut
1680 1752 1767 1773 meus

256 1800 313 1828 sim
335 1808 530 1838 summopere
546 1799 660 1830 conari.
684 1799 794 1840 Neque
816 1801 897 1831 0111111
919 1811 967 1832 me
990 1801 1081 1838 fallit,
1102 1801 1211 1832 alienis
1233 1801 1383 1841 exemplis
1404 1801 1558 1839 edoctum,
1580 1799 1690 1840 quanti
1710 1800 1764 1830 im-

254 1855 434 1895 pedimenti,
455 1857 627 1896 quantique
648 1857 779 1896 periculi
799 1858 848 1895 sit,
872 1858 918 1888 his
938 1858 1073 1889 maxime
1094 1859 1149 1898 qui
1163 1858 1376 1898 philosophiae
1397 1858 1463 1889 dati
1484 1861 1566 1897 sunt,
1588 1856 1763 1898 conjugale,

254 1923 292 1943 ne
313 1913 415 1944 dicam
436 1913 600 1951 muliebre,
623 1916 820 1946 consortium
852 1915 911 1946 Sed
934 1916 1009 1956 quid
1030 1916 1155 1952 mirum,
1176 1917 1202 1947 si
1224 1916 1355 1947 caeteris
1385 1916 1606 1956 sapientiorem
1627 1925 1676 1945 me
1695 1924 1759 1945 esse

255 1980 338 2007 curo,
359 1970 443 2010 quod
464 1972 632 2012 unicuique
653 1972 748 2003 etiam
770 1973 966 2013 ignavissimo
979 1974 1162 2014 permissum
1177 1977 1232 2011 est,
1253 1974 1340 2014 sique
1363 1974 1452 2010 hanc,
1475 1975 1510 2003 ut
1525 1972 1644 2009 dicunt,
1666 1974 1762 2003 astro-

253 2027 367 2067 logiam
387 2029 522 2068 concepi,
544 2031 580 2059 ut
600 2030 754 2069 majorum
775 2040 915 2061 meorum
936 2031 1066 2072 vestigia
1086 2032 1174 2072 sequi
1190 2032 1302 2062 nolim!
1328 2030 1436 2071 Neque
1459 2030 1541 2062 enim
1562 2030 1607 2060 ita
1622 2038 1764 2060 meorum

251 2087 354 2115 sectae
374 2095 423 2115 me
445 2085 559 2123 addixi,
581 2089 616 2117 ut
637 2096 745 2118 eorum
765 2097 864 2119 mores
886 2090 918 2118 et
940 2090 1046 2120 errata
1066 2089 1196 2129 vestigia
1216 2089 1358 2120 deserere
1380 2098 1499 2119 verear.
1521 2087 1640 2126 Quibus
1660 2086 1765 2126 objur-

253 2142 430 2181 gationibus
452 2153 500 2174 me
520 2143 656 2174 liberum
676 2145 822 2183 sentiam,
846 2155 941 2185 quum
963 2146 1003 2177 ab
1025 2145 1084 2178 1100
1093 2145 1229 2177 infausto
1250 2146 1384 2185 scopulo,
1407 2145 1461 2176 ubi
1475 2145 1591 2176 invitus
1612 2143 1763 2180 detineor,

256 2198 320 2230 Deo
341 2198 476 2239 favente,
499 2200 674 2233 discessero.

264 2284 271 2299 ¹
292 2282 368 2310 Ram.
381 2291 492 2312 mereor
1028 2290 1049 2307 ¹⁰
1067 2290 1121 2317 Nei
1149 2289 1236 2318 codici
1257 2291 1344 2325 pater
1373 2288 1442 2324 dopo
1461 2288 1637 2324 cliynoscens.
1663 2285 1717 2314 ΡΡ.
1736 2284 1776 2312 ἰΠ»

263 2327 274 2344 ‘2
292 2327 353 2355 PM.
372 2336 437 2356 eum
449 2330 568 2365 conjnye
1065 2334 1149 2370 luogo
1168 2335 1196 2362 di
1212 2337 1295 2370 puter
1302 2335 1403 2369 patere

264 2372 272 2389 3
293 2372 369 2400 Ram.
389 2373 541 2406 subjecerit
1024 2379 1045 2396 ¹¹
1066 2378 1126 2406 PM.
1146 2379 1324 2407 contractum

262 2417 272 2433 ⁴
291 2417 343 2445 Nei
362 2418 448 2446 codici
468 2418 526 2447 Sed
537 2428 586 2456 2290
600 2428 623 2449 0.
1027 2424 1048 2440 ¹⁴²
1067 2422 1121 2451 ΡΡ.
1142 2422 1212 2451 liber

261 2462 272 2478 ⁵
291 2461 345 2496 Br„
365 2461 435 2497 PM„
455 2471 468 2491 e
488 2463 542 2491 ΡΡ.
563 2464 644 2493 Num
1025 2468 1046 2486 ¹3
1066 2468 1112 2496 ΒΓ.
1132 2477 1146 2496 e
1164 2468 1225 2498 PM.
1245 2477 1300 2505 qm,
1320 2469 1348 2497 in
1367 2469 1451 2505 luogo
1470 2467 1498 2495 di
1516 2466 1595 2503 quin.

259 2507 270 2523 ⁶
289 2506 339 2533 Nei
355 2507 440 2535 codici
460 2507 550 2535 claudi
1027 2512 1050 2532 ¹⁴
1069 2513 1129 2542 PM.
1148 2514 1183 2542 in
1202 2514 1253 2542 hoc

258 2551 269 2567 ⁷
288 2550 364 2578 Ram.
388 2551 504 2580 Certum
1029 2560 1050 2577 ¹⁵
1069 2558 1113 2586 Un
1133 2560 1190 2588 cod.
1210 2559 1295 2590 citato
1314 2561 1359 2589 dal
1378 2560 1438 2590 PM.
1458 2559 1630 2593 videbantur

258 2596 269 2611 ⁸
288 2594 365 2622 Ram.
385 2595 476 2628 facies
1027 2605 1048 2622 ⁴⁶
1069 2604 1130 2633 Cosi
1150 2605 1226 2633 Ram.
1247 2605 1292 2633 Gli
1311 2606 1378 2635 altri
1396 2608 1513 2637 reddere

258 2640 269 2656 ⁹
288 2638 444 2668 libertatem
464 2641 522 2669 scil.
542 2642 614 2671 mihi
1026 2650 1048 2667 ¹⁷
1067 2648 1121 2677 ΡΡ.
1142 2650 1342 2682 demonstrant
