1845 3076
780 181 917 206 Erisrom
1547 175 1605 207 179

801 432 892 464 CXX.

534 552 755 585 FRANCISCO
783 553 1047 585 ZABARELLAE
1075 554 1102 586 S.
1126 554 1162 586 D.

572 683 769 713 Jusrmopom,
790 684 840 706 vu]
862 684 992 707 NOVEMB.
1018 677 1122 707 1411.¹

108 796 218 832 (Bnp.
237 797 275 825 46
293 805 308 825 e
325 797 365 825 80
384 799 469 827 ι“.,·-
483 798 567 826 Ram.
580 806 612 833 p.
632 798 688 831 4-1,·
705 814 736 817 —
750 796 785 825 P·
798 797 842 824 M.
860 797 890 826 G.
911 798 968 825 110
987 799 1004 826 t.
1017 807 1026 831 ;
1041 813 1072 817 ——
1092 798 1143 826 Gr.
1167 797 1197 827 C'.
1217 799 1275 826 112
1294 801 1330 831 t.‚-
1346 815 1377 819 ——
1392 800 1455 828 ΡΡ.
1478 809 1505 829 n.
1528 800 1587 838 90.)

170 977 326 1009 Sollicitus
347 988 415 1009 sum
437 978 494 1016 tui,
515 988 573 1009 nec
593 988 662 1009 sum
683 978 833 1010 sollicitus
854 979 923 1010 mei.
944 978 1011 1010 Seio
1031 979 1122 1016 enini,
1137 979 1162 1010 si
1177 990 1241 1020 qua
1254 980 1326 1012 inde
1341 991 1411 1021 spes
1425 985 1480 1019 est,
1495 992 1603 1014 curam

93 1035 262 1075 suscepisse
282 1038 314 1066 te
335 1036 395 1066 mei
418 1038 450 1067 et
471 1035 541 1076 plus
560 1045 649 1076 posse
663 1045 699 1067 ac
715 1035 785 1075 plus
806 1046 934 1067 noscere
945 1037 965 1073 ‘²,
990 1046 1047 1067 nec
1060 1037 1162 1067 minus
1177 1037 1254 1068 mihi
1269 1038 1348 1069 velle
1362 1049 1458 1078 quam
1470 1039 1605 1080 ipsemet

92 1091 178 1123 mihi.
200 1092 246 1123 De
274 1095 306 1123 te
333 1102 406 1124 vero
435 1103 554 1133 nequeo
580 1093 664 1124 110113
685 1103 751 1124 esse
776 1093 935 1130 sollicitus,
963 1094 1017 1133 qui
1046 1096 1234 1133 tempestate
1262 1106 1325 1126 non
1353 1096 1428 1127 satis
1456 1107 1605 1137 prospera

92 1149 249 1181 difficilem
269 1149 499 1190 navigationem
514 1149 670 1190 ingressus
685 1150 736 1189 sis,
748 1150 781 1180 in
797 1161 869 1190 qua,
884 1151 943 1182 etsi
959 1151 1136 1182 discrimine
1152 1162 1200 1183 res
1216 1163 1277 1183 non
1293 1157 1392 1192 vacat,
1409 1154 1481 1194 plus
1494 1157 1602 1186 tamen

90 1206 208 1238 laboris
228 1207 329 1239 inesse
350 1206 440 1238 video
460 1217 555 1247 quam
576 1207 715 1246 periculi.
739 1206 886 1246 Quamvis
909 1208 991 1239 enim
1013 1210 1081 1239 fieri
1104 1209 1154 1240 vix
1175 1214 1287 1249 potest,
1311 1214 1346 1241 ut
1374 1211 1458 1242 vobis
1481 1223 1604 1244 summa

91 1273 197 1296 rerum
226 1263 385 1304 depereat,
413 1264 531 1304 absque
558 1268 665 1296 tamen
693 1265 794 1296 multo
821 1265 930 1297 labore
958 1270 989 1297 et
1017 1267 1081 1298 acri
1098 1268 1106 1283 ⁴
1136 1268 1338 1299 contentione
1370 1269 1401 1299 in
1431 1269 1604 1309 tranquillo

90 1321 235 1353 collocari
256 1331 318 1352 non
338 1325 448 1362 potest.
471 1322 645 1363 Conjuncta
659 1326 705 1354 est
721 1323 804 1354 enim
819 1324 934 1354 causa⁵
953 1325 1065 1355 summi
1078 1325 1089 1340 ⁴³
1102 1325 1303 1364 pontificatus
1315 1326 1324 1342 ⁷
1347 1329 1378 1357 et
1395 1336 1490 1358 causa
1503 1328 1602 1368 regni,

89 1388 147 1419 pro
167 1389 231 1419 qua
250 1379 422 1410 obtinenda
443 1379 521 1410 nihil
542 1382 589 1411 est
609 1379 693 1420 quod
714 1380 862 1412 mortales
882 1381 1063 1421 impendere
1083 1382 1242 1420 dubitent,
1257 1402 1296 1406 —-
1317 1384 1422 1414 omnia
1442 1394 1525 1421 vero,
1553 1385 1603 1416 vel

89 1439 239 1474 extrema,
260 1435 367 1467 ferreS
387 1446 446 1476 par
473 1437 662 1468 existimant.
690 1437 811 1478 Itaque,
831 1438 891 1468 nisi
917 1438 995 1478 quid
1022 1439 1174 1479 inopinati
1201 1440 1333 1478 aecidat,
1363 1441 1472 1481 qualia
1499 1441 1601 1473 multa

91 1496 123 1525 et
142 1503 207 1525 sors
227 1503 396 1534 regnorum
415 1496 448 1525 et
467 1494 549 1535 regis
577 1494 697 1526 orbitas
725 1495 859 1535 vitaeque
888 1496 956 1535 ejus
984 1496 1064 1527 ratio
1092 1496 1232 1536 polliceri
1261 1498 1419 1536 videntur,
1448 1509 1510 1530 non
1539 1499 1602 1530 erit

87 1551 254 1582 incruenta
273 1550 411 1582 victoria.
434 1551 585 1582 Privatim
614 1561 686 1583 vero
713 1552 835 1583 novitas
863 1553 895 1583 in
924 1555 956 1584 te
985 1553 1157 1593 dignitatis.
1185 1554 1357 1586 domestica
1383 1565 1432 1586 res
1459 1558 1603 1596 angusta,

88 1608 205 1640 caritas
224 1617 332 1640 rerum
352 1608 492 1649 undique
503 1609 524 1646 ⁵⁸,
544 1609 692 1649 pestilens
713 1609 800 1641 urbis
821 1620 909 1648 aura,
931 1611 1035 1650 opinio
1056 1611 1131 1641 belli
1153 1612 1394 1651 circumsonans,
1410 1613 1477 1644 haec
1499 1614 1605 1645 omnia

87 1674 198 1706 graves
217 1664 331 1697 afferre
351 1666 410 1697 tibi
431 1675 523 1698 curas
543 1676 605 1698 non
626 1665 747 1698 dubito.
776 1665 916 1705 Quarum
942 1679 998 1709 ego
1026 1669 1139 1700 absens
1167 1672 1339 1710 utcumque
1366 1671 1524 1711 particeps
1550 1670 1600 1702 fio.

88 1721 121 1755 Si
141 1722 218 1763 quid
238 1726 344 1755 autem
365 1723 398 1754 in
419 1733 469 1754 me
489 1726 644 1763 praesente
664 1724 730 1764 opis
751 1728 810 1756 aut
824 1725 927 1756 solatii
943 1726 1080 1765 positum
1094 1726 1187 1763 vides,
1204 1727 1283 1758 nihil
1299 1738 1416 1759 recuso.
1440 1728 1513 1760 Mea
1533 1738 1607 1760 vero

88 1789 184 1812 causa
204 1780 305 1813 ubivis
325 1781 466 1821 gentium
479 1781 500 1798 ¹⁰
520 1791 585 1813 esse
606 1791 691 1812 nune
712 1781 803 1813 malo.
828 1782 914 1814 Vale.

97 1957 106 1975 1
125 1956 212 1985 Senza
230 1956 288 1986 ind.
306 1957 352 1985 nel
369 1957 446 1985 Ram.
873 1960 883 1977 ⁶
903 1959 957 1988 ΡΡ.
975 1968 1088 1989 summm

97 2003 108 2018 Ἰ
126 2000 182 2029 Nei
200 2001 288 2029 codici
305 2009 389 2030 ‘nosce
879 2005 890 2021 ⁷
909 2004 985 2032 Ram.
1007 2006 1065 2033 tum
1085 2014 1171 2034 causa
1192 2008 1273 2041 requi

100 2046 111 2064 ³
130 2046 208 2074 Ram.
227 2046 327 2074 omette
344 2054 453 2082 nequeo
471 2055 532 2075 non
875 2050 886 2067 S
906 2049 959 2077 ΡΡ.
980 2050 1042 2082 fere

98 2090 109 2107 ⁴
126 2089 205 2118 Eam.
224 2089 258 2118 in
275 2089 338 2118 aori
875 2094 886 2111 ⁹
904 2093 950 2123 ΒΥ.
970 2094 1032 2123 ΡΜ.
1051 2095 1177 2129 undique
1196 2095 1237 2132 gli
1256 2096 1325 2124 altri
1344 2105 1445 2126 rerum

96 2135 108 2152 ⁵
125 2133 171 2162 Br.
191 2133 227 2163 80
245 2136 265 2163 t.
283 2142 349 2163 cum
366 2143 456 2164 causa
472 2136 578 2164 summi
591 2137 783 2171 pontificatus
799 2140 826 2166 et
862 2138 884 2155 ¹0
902 2138 950 2167 Br.
969 2138 1031 2167 PM.
1050 2139 1180 2174 (lenitum

120 2186 136 2206 ο
154 2179 215 2207 tum
