1845 3076
248 166 286 197 90
875 174 900 197 P.
922 174 945 196 P.
968 174 1115 197 vnnonmo

236 257 316 297 juris
337 257 377 287 sit
395 257 590 296 prospiciam,
606 275 644 279 —-
657 257 886 297 consulamque,
901 268 962 297 quo
977 259 1067 297 pacto
1081 257 1224 289 debitum
1239 261 1329 289 tuum
1344 259 1489 299 prosequi
1502 260 1510 276 ¹
1533 259 1630 299 possis
1644 278 1682 282 —
1697 270 1743 298 ac,

239 313 265 344 si
285 313 361 344 mihi
382 324 431 344 res
452 313 601 353 majorem
630 324 741 354 parere
763 314 1002 354 ambiguitatem
1029 315 1198 352 videretur,
1227 315 1386 346 dominum
1407 315 1609 347 Franciscum
1629 317 1665 347 de
1685 316 1745 348 Za-

240 371 375 407 barellis,
393 371 473 410 juris
494 371 657 410 utriusque
678 370 939 402 consultissimum
953 372 973 409 ²,
994 371 1184 403 adhiberem.
1207 372 1270 412 Ego
1290 383 1363 403 vero
1385 375 1555 412 utrumque
1570 373 1638 404 feci.
1660 373 1741 404 Nam

240 430 271 458 et
288 427 440 467 judicium
456 427 530 467 ejus,
554 428 645 459 breve
666 428 804 468 quidem,
829 429 883 459 sed
901 428 985 468 quod
1000 439 1056 468 pro
1077 439 1110 459 re
1124 429 1134 446 ³
1156 429 1231 460 satis
1252 429 1300 466 sit,
1321 429 1420 466 mitto,
1435 448 1474 452 —
1488 433 1519 460 et
1539 430 1663 461 tabellis
1677 430 1746 461 aliis

239 484 348 521 scribo,
369 484 445 524 quid
465 485 530 524 ipse
549 485 706 516 sentirem.
729 484 838 525 Neque
860 486 943 516 enim
963 486 1114 525 potuisset
1135 496 1199 517 esse
1219 496 1268 517 res
1289 486 1355 517 ulla
1369 487 1378 502 ⁴
1407 489 1472 517 tam
1492 486 1591 518 facilis
1611 490 1739 527 tamque

240 544 351 581 aperta
365 542 384 578 ⁵,
406 544 442 572 ut
462 542 495 572 in
516 552 553 573 ea
573 543 629 574 soli
652 543 728 573 mihi
749 542 833 573 credi
855 542 972 582 solique
993 543 1068 573 mihi
1088 544 1164 574 stari
1184 543 1357 580 voluissem,
1385 553 1424 574 ne
1444 543 1476 575 id
1497 544 1635 575 eveniret
1658 544 1742 584 quod

241 599 273 630 in
292 599 468 639 junioribus
489 599 614 630 medicis
634 599 712 630 solet
725 600 744 637 ⁶,
766 599 819 639 qui
839 599 977 639 periculo
1005 610 1126 640 semper
1147 602 1178 630 et
1198 600 1311 631 damno
1332 611 1467 637 suorum,
1494 600 1543 631 vel
1563 601 1743 638 amicorum,

239 656 286 687 ve]
309 656 616 696 consanguineorum,
639 667 750 687 curare
765 656 915 694 ediscunt,
933 657 1006 696 quia
1020 657 1040 694 ⁷,
1060 667 1182 697 semper
1196 657 1288 697 primi
1300 658 1372 694 sint,
1394 658 1447 697 qui
1461 657 1554 688 fidem
1574 657 1636 688 illis
1656 658 1742 689 adhi-

241 714 346 752 beant,
367 714 483 753 quique
498 713 685 744 auctoritate
700 713 748 744 vel
768 723 823 744 suo
844 713 1020 744 discrimine
1034 714 1180 745 accedere
1195 713 1256 744 illis
1275 714 1381 745 velint.
1402 714 1462 746 Sed
1477 714 1541 745 alte
1562 714 1638 745 mihi
1652 714 1744 745 crede

239 774 271 802 et
291 771 405 801 veritas
426 773 457 801 et
477 770 619 810 aequitas
640 770 650 787 ²¹
671 770 789 810 magnis
809 771 820 787 ⁹
847 770 987 801 latibulis
1016 771 1142 802 abditae
1163 774 1244 807 sunt,
1265 789 1304 793 —
1324 774 1423 811 utque
1444 772 1527 802 inter
1551 771 1667 802 multas
1688 771 1743 802 fal-

242 829 348 858 sitates
369 828 492 865 veritas,
514 828 558 857 ita
579 831 610 858 et
631 827 713 857 inter
734 827 847 858 multas
867 828 1048 867 iniquitates
1070 828 1153 868 quod
1170 829 1290 869 justum
1311 831 1357 859 est
1378 828 1466 859 latet.
1495 828 1605 868 Neque
1628 832 1675 860 est
1697 829 1740 859 fa-

240 886 297 916 ‹rile
318 886 400 916 inter
422 888 589 925 utrumque
611 885 794 915 discernere.
817 884 913 924 Saepe
935 885 1017 916 enim
1038 889 1070 916 et
1090 885 1205 916 veritas
1233 885 1385 916 mendatii
1406 888 1437 916 et
1458 885 1622 924 turpitudo
1651 885 1743 916 hone-

240 943 330 973 statis
350 942 458 973 faciem
479 942 590 972 induit.
613 942 724 981 Itaque
744 942 788 971 nil
810 942 922 972 mirum
940 943 970 979 ¹⁰,
992 943 1016 972 si
1039 942 1151 973 diversi
1172 943 1210 973 de
1226 942 1334 973 eadem
1357 953 1390 973 re
1411 943 1523 973 summi
1539 942 1596 972 viri
1617 942 1746 973 adversa

237 1000 356 1041 judicia
377 1000 470 1030 deut:
492 1010 560 1030 cum
584 1003 614 1029 et
636 1009 717 1028 unus
739 1001 834 1038 atque
855 999 938 1029 idem
959 1010 1051 1038 saepe
1072 999 1201 1030 diversis
1220 1000 1412 1039 temporibus
1433 1000 1621 1030 sententiam
1643 1000 1745 1030 existi-

239 1057 470 1096 mationemque
490 1059 597 1087 mutet.
621 1056 735 1087 Verum
756 1056 780 1086 si
801 1058 847 1086 est
868 1056 1043 1095 quisquam,
1066 1056 1120 1095 qui
1140 1058 1196 1086 aut
1216 1056 1340 1095 ingenio
1369 1056 1546 1095 perspicere
1562 1058 1582 1073 ¹¹
1605 1056 1746 1087 veritatis

242 1115 451 1154 equitatisque
471 1114 678 1153 cognitionem
699 1113 793 1152 possit
813 1117 870 1144 aut
890 1124 966 1144 cura
989 1113 1154 1153 studioque
1175 1114 1320 1153 consequi
1341 1113 1465 1150 debeat,
1486 1114 1511 1143 is
1534 1123 1614 1144 unus
1635 1116 1681 1144 est
1696 1113 1747 1144 do-

242 1172 345 1202 minus
365 1170 560 1207 meez'scus,
590 1170 621 1200 in
642 1180 703 1209 quo
725 1170 825 1200 nescio
853 1170 1049 1205 industriam,
1078 1180 1136 1201 nec
1165 1181 1205 1201 an
1222 1171 1243 1187 ¹2
1266 1170 1444 1202 naturalem
1472 1171 1588 1209 ingenii
1608 1171 1679 1208 vim,
1707 1181 1748 1201 an

241 1228 481 1259 sollicitudinem
502 1230 748 1267 perpetuamque
780 1226 975 1265 diligentiam
996 1227 1168 1258 studiorum
1197 1228 1294 1267 magis
1315 1228 1418 1265 mirer,
1446 1230 1501 1258 aut
1522 1227 1599 1268 quid
1625 1228 1748 1259 imitan-

241 1286 316 1316 dum
332 1286 352 1302 ¹³³
374 1285 496 1316 facilius
523 1284 620 1315 videri
641 1285 745 1324 possit,
773 1285 915 1316 doctriua
943 1295 983 1315 an
999 1285 1018 1302 ¹⁴
1041 1285 1148 1322 virtus,
1177 1295 1312 1325 raraque
1340 1286 1473 1316 hominis
1500 1286 1649 1325 probitas,
1677 1296 1747 1316 cum

241 1343 344 1374 onmia
365 1353 486 1374 summa
505 1343 574 1373 sint.
605 1343 632 1373 Is
654 1343 758 1383 igitur,
782 1354 850 1374 cum
879 1353 983 1373 amore
1010 1353 1087 1379 meo,
1115 1346 1181 1373 tum
1198 1343 1218 1359 ¹5
1247 1345 1278 1373 et
1305 1343 1456 1374 desiderio
1482 1345 1535 1374 tuo
1564 1343 1746 1383 (plurimum

243 1401 333 1439 enim,
362 1401 418 1431 etsi
446 1411 608 1440 nunquam
636 1404 667 1431 te
696 1401 817 1436 viderit,
846 1404 932 1431 amat
960 1399 1043 1439 quod
1071 1410 1141 1431 cum
1170 1400 1325 1430 hominem
1353 1401 1407 1440 qui
1438 1410 1470 1431 es
1491 1400 1560 1430 te¹6
1578 1399 1625 1430 illi
1646 1399 1746 1440 pinxi)

237 1458 390 1498 judicium
412 1458 469 1488 hoc
490 1458 584 1494 dedit,
605 1469 665 1489 non
688 1469 744 1497 pro
760 1458 780 1474 ¹⁷
802 1457 971 1488 ambitione
993 1460 1155 1488 extensum
1176 1460 1272 1497 atque
1291 1457 1495 1497 ampulosum,
1517 1457 1571 1488 sed
1593 1467 1648 1497 pro
1668 1457 1745 1488 veri-

241 1518 307 1546 tate
328 1516 431 1551 breve,
453 1518 600 1555 certaque
622 1515 743 1546 ratione
764 1515 960 1555 castigatum.
983 1515 1045 1553 Ego
1059 1525 1131 1545 vero
1154 1515 1199 1546 ita
1215 1515 1331 1554 scripsi,
1353 1526 1415 1545 uon
1438 1515 1520 1554 quod
1533 1515 1554 1531 ¹⁸
1576 1515 1747 1554 quidquam

244 1573 318 1603 mihi
340 1573 533 1603 committere
553 1573 712 1610 auderem,
733 1572 786 1603 sed
808 1575 843 1602 ut
863 1572 999 1611 aliquem
1014 1572 1072 1603 tibi
1092 1572 1231 1603 laborem
1253 1583 1355 1603 meum
1371 1572 1540 1611 aliquando
1555 1572 1672 1609 darem,
1686 1574 1748 1602 stu-

241 1630 347 1669 diique
367 1631 470 1671 hujus,
492 1631 574 1670 quod
595 1630 750 1670 ingressus
771 1640 847 1666 sum,
868 1629 1046 1660 dedicarem
1067 1629 1125 1660 tibi
1146 1629 1308 1668 primitias,
1331 1629 1418 1660 Vale.
1440 1629 1557 1660 Multas
1574 1629 1614 1660 ad
1635 1632 1666 1660 te
1687 1629 1747 1668 epi-

241 1687 338 1718 stolas
358 1698 396 1718 ex
416 1688 556 1719 Venetiis
577 1688 657 1723 dedi,
679 1697 757 1727 quas
775 1687 841 1727 jani
864 1687 1008 1718 habuisse
1029 1687 1130 1717 debes.
1153 1687 1335 1727 Longiorem
1356 1687 1453 1723 illam,
1475 1697 1569 1726 quam
1584 1686 1659 1716 mihi
1680 1686 1744 1726 pol—

240 1745 342 1775 licitus
363 1755 403 1781 es,
427 1748 564 1784 expecto.
587 1745 704 1776 lterum
727 1744 802 1775 vale.
826 1745 846 1761 ¹⁹

253 2266 258 2281 ¹
282 2264 327 2292 Gr.
348 2264 402 2291 ΓΡ.
417 2262 552 2297 persequi
1015 2261 1031 2277 ¹¹
1055 2260 1107 2288 PP.
1122 2260 1285 2294 prospicere

252 2311 263 2326 ‘²
282 2309 348 2336 Refx'.
369 2308 414 2335 Gr.
434 2306 520 2335 Juris
539 2304 782 2334 consultissimum
1011 2306 1032 2322 ¹⁴²
1051 2305 1118 2332 Reff.
1139 2314 1194 2339 (cn3
1214 2305 1253 2340 gli
1274 2305 1338 2331 altri
1359 2314 1408 2333 ue:
1429 2305 1475 2333 Gr.
1495 2313 1530 2332 ne
1548 2313 1586 2331 cm

251 2356 261 2370 ³¹
282 2354 412 2387 liutizpm
427 2354 466 2386 tv,
488 2353 532 2379 Dr.
548 2352 593 2378 Gr.
608 2350 732 2384 ruff-0
746 2358 792 2383 reg
812 2348 928 2383 PRpro
942 2357 970 2377 se
1007 2351 1028 2367 ¹3
1046 2349 1099 2376 Nei
1118 2348 1203 2376 codici
1224 2349 1383 2384 unitatum,
1404 2350 1449 2376 Gr.
1468 2349 1578 2376 mitari

252 2399 261 2415 ⁴
282 2397 348 2425 Pwff.
362 2396 505 2431 potuisset
521 2403 567 2423 res
587 2394 645 2421 nlla
1015 2394 1035 2411 ¹¹
1056 2394 1108 2420 PP.
1129 2402 1161 2419 αι’

251 2444 262 2461 5
283 2443 327 2469 Gr,
348 2443 414 2475 alm
1015 2439 1035 2455 ¹⁵
1055 2438 1099 2465 Dr.
1120 2438 1179 2465 PM.
1200 2446 1263 2464 (unz
1283 2453 1317 2456 ——
1339 2437 1391 2464 PP.
1411 2445 1474 2465 cum

251 2490 262 2503 ¹²
281 2487 346 2513 Buff.
368 2484 480 2512 medicis·
499 2484 623 2511 eveniret
640 2482 708 2510 solet
1014 2483 1034 2499 ιη
1054 2482 1108 2509 Pl'.
1128 2482 1177 2515 qui
1196 2490 1229 2508 er
1249 2483 1273 2509 te

251 2534 260 2548 7
281 2530 332 2558 Nei
352 2529 438 2557 codici
458 2529 549 2563 qnod,
570 2527 615 2554 Gr.
634 2526 684 2561 qni
1009 2527 1030 2543 ¹⁷
1048 2526 1101 2553 Nei
1121 2525 1207 2552 codici
1227 2534 1283 2552 mm
1301 2526 1394 2560 qzwd3
1415 2526 1460 2554 Gr.
1482 2534 1538 2553 non
1555 2533 1611 2560 pro

250 2579 260 2592 ²<
280 2576 325 2601 Gr.
345 2574 425 2601 crede
445 2573 513 2600 milei
532 2574 558 2599 οὐ
577 2571 705 2605 (semestris
724 2572 751 2596 ef
771 2570 874 2597 veritus
1014 2570 1034 2587 ¹3
1057 2570 1109 2597 ΡΙ).
1130 2571 1175 2596 Gr.
1196 2569 1224 2596 in
1244 2570 1367 2604 margine
1386 2578 1441 2604 (1210

249 2622 260 2637 s*
280 2620 340 2647 Posi
364 2619 444 2647 liu-111:
464 2617 503 2652 gli
523 2616 588 2643 altri
609 2615 774 2649 ›itaquis-qne
1012 2615 1032 2631 ¹¹*
1052 2614 1119 2641 lteri'.
1138 2614 1184 2641 Gr.
1204 2621 1285 2641 senza
1304 2614 1407 2641 ¹iterum
1426 2613 1489 2641 vale

237 2666 258 2681 ¹⁹
278 2664 328 2691 Nei
348 2661 434 2690 codici
454 2661 595 2688 nimirum

1836 1536 1845 1571 ἰ

1842 1578 1845 1628 l
