1845 3076
740 173 877 197 musronr.
1505 166 1562 197 101

751 331 871 363 LXXV.

362 423 424 455 ΕΒ.
445 423 708 455 ZABARELLAE
730 423 990 456 FLORENTINO
1012 423 1263 456 CARDINALI¹

770 498 798 530 S.
820 498 848 530 d.

64 574 134 610 1(Br.
149 583 181 610 p.
200 575 246 609 45,
266 575 305 602 79
319 575 337 602 t.
356 583 370 603 e
388 574 447 608 83,·
468 590 500 594 ——
520 573 603 602 Ram.
617 582 649 609 p.
667 574 726 607 43;
747 590 778 593 —
804 573 855 602 Gr.
874 582 896 602 c.
917 574 990 607 110,·
1011 590 1041 592 —
1064 573 1133 602 PM.
1153 583 1175 602 c.
1195 575 1272 608 109;
1292 591 1326 595 —
1344 574 1407 602 PP.
1427 583 1456 603 n.
1475 574 1554 608 123,·

357 627 399 656 cd.
419 627 575 662 Bernardi,
594 626 683 655 Arclc.
703 628 771 655 ιςέον,
790 627 853 654 ΙΙΙ
867 635 930 660 ser.,
948 636 973 656 v.
993 627 1124 661 XXIII,
1136 636 1168 662 p.
1187 629 1268 663 177.)

138 715 273 746 Multam
303 714 494 746 contraxisse
521 714 782 746 necessitudinem
810 724 880 745 cum
901 715 1005 754 patria
1025 716 1082 745 tua
1103 714 1178 745 mihi
1199 714 1307 746 videor
1322 715 1341 752 ²,
1370 715 1433 746 sive
1455 715 1538 754 quod
1552 715 1563 732 ³

56 772 254 804 dialecticam
275 772 319 803 ibi
345 772 468 812 juvenis
490 772 590 809 docui,
611 782 673 811 quo
693 773 835 811 tempore
855 774 887 803 te
908 772 1045 811 primum
1059 771 1068 788 ⁴
1090 772 1227 812 cognovi,
1257 772 1320 803 sive
1342 771 1424 812 quod
1444 772 1563 803 ibidem

53 830 129 871 jura
139 829 250 866 civilia,
261 829 382 869 aliquot
394 829 566 869 interjectis
577 829 676 865 annis,
689 839 786 868 quum
798 830 833 859 tu
843 829 908 869 jam
919 828 1055 865 abesses,
1070 828 1185 865 audivi,
1198 829 1332 859 maxime
1343 839 1415 860 vero
1426 829 1565 860 omnium

58 886 143 927 quod
162 886 195 917 in
215 896 253 917 ea
274 886 349 918 urbe
369 896 496 927 graecas
516 886 641 917 litteras
662 885 835 917 continenti
856 888 927 926 post
946 887 1087 926 tempore
1102 886 1113 903 ⁵
1134 885 1238 917 didici.
1260 885 1343 924 Quas
1364 886 1410 917 ita
1432 897 1501 917 sum
1521 886 1565 917 in-

56 943 153 976 citato
173 943 276 975 studio
296 946 513 984 prosequutus,
543 945 580 974 ut
600 942 687 973 nulla
708 953 847 983 unquam
868 943 900 973 in
922 953 956 974 re
969 943 980 960 ⁶
1000 943 1147 975 discenda
1162 943 1249 974 brevi
1270 946 1408 983 tempore
1428 945 1563 981 tantum,

59 1004 96 1033 ut
114 1001 192 1032 mihi
212 1001 326 1040 videor,
348 1001 540 1041 profecerim.
562 1001 628 1032 Nec
648 1011 720 1032 vero
741 1001 824 1041 quod
840 1000 851 1017 ⁷
872 1000 922 1032 vel
935 1001 946 1017 ⁸
966 1011 1001 1032 re
1022 1001 1092 1041 ipsa
1113 1001 1161 1032 vel
1188 1001 1292 1032 studio
1312 1011 1380 1032 meo
1401 1002 1565 1040 tantopere

56 1059 241 1096 delectarer,
264 1068 454 1099 quamquam
475 1062 507 1090 et
525 1059 701 1099 jucundum
722 1058 763 1090 sit
784 1059 871 1096 scire,
893 1060 924 1090 et
944 1069 1007 1090 non
1027 1058 1192 1090 molestum
1207 1061 1276 1089 erat
1298 1058 1456 1089 addiscere
1470 1058 1490 1095 ⁹,
1511 1057 1566 1088 sed

57 1126 113 1157 spe
133 1116 294 1147 alliciebar
314 1116 525 1156 consequendi
546 1116 721 1156 praemium
736 1117 766 1154 ¹⁰,
789 1119 825 1148 ut
846 1127 883 1148 ea
904 1126 960 1156 per
980 1126 1029 1147 me
1044 1117 1063 1133 ¹¹
1086 1126 1311 1156 cognoscerem,
1335 1116 1398 1147 sive
1414 1116 1453 1147 de
1474 1115 1566 1146 histo-

57 1174 120 1212 riis,
141 1173 204 1205 sive
223 1173 262 1205 de
284 1174 487 1214 philosophia,
516 1184 597 1214 quae
618 1173 658 1205 ab
680 1172 808 1205 Graecis
825 1174 847 1191 ¹²
874 1173 1014 1205 nondum
1041 1176 1114 1204 sunt
1136 1174 1176 1204 ad
1197 1184 1253 1205 nos
1267 1174 1288 1191 ¹³
1316 1173 1481 1211 translata,
1510 1174 1567 1204 aut

58 1231 133 1263 olim
149 1231 280 1262 fortasse
294 1231 449 1263 translata
468 1231 640 1271 perierunt,
657 1249 694 1253 —
709 1231 834 1268 deinde,
850 1231 875 1261 si
895 1241 1023 1272 possem,
1038 1233 1073 1262 ut
1089 1233 1211 1262 tantam
1225 1231 1424 1271 eloquentiae
1439 1230 1565 1261 laudem

58 1288 277 1329 intelligerem,
299 1291 419 1329 quanta
434 1288 494 1319 illis
510 1288 671 1326 tribuitur,
687 1298 706 1319 a
719 1289 844 1326 nostris,
855 1289 911 1328 qui
926 1289 1089 1329 utriusque
1110 1289 1236 1329 linguae
1257 1289 1319 1319 vim
1335 1290 1365 1319 et
1381 1287 1566 1319 facultatem

56 1348 236 1377 tenuerunt.
264 1345 403 1384 Quorum
424 1346 550 1386 quidem
571 1346 716 1386 primum,
748 1346 833 1386 quod
855 1346 982 1377 minoris
1003 1348 1071 1377 erat
1092 1347 1221 1386 negocii,
1253 1347 1477 1387 propemodum
1496 1356 1565 1377 sum

56 1406 274 1443 consequutus.
295 1403 442 1434 Alterum
462 1413 533 1434 vero
554 1413 616 1434 non
637 1403 731 1440 valui,
752 1403 859 1435 ablato
881 1404 1064 1443 tempestive
1088 1414 1144 1444 per
1165 1407 1285 1436 metum
1301 1404 1321 1422 ¹⁴¹
1349 1403 1564 1444 ingruentium

56 1461 211 1493 bellorum
227 1462 257 1499 ¹⁵,
279 1462 380 1492 nescio
401 1471 442 1492 an
463 1461 565 1491 dicam
587 1460 699 1491 amisso
716 1460 746 1498 ¹⁸,
770 1463 978 1500 praeceptore
998 1464 1103 1493 nostro
1125 1461 1272 1492 Manuele
1289 1461 1482 1502 Chrysolora,
1499 1460 1565 1491 viro

58 1523 91 1550 et
111 1518 226 1558 optimo
248 1522 280 1550 et
301 1518 485 1556 doctissimo,
516 1529 609 1559 quem
629 1530 667 1550 ex
688 1519 798 1550 intimo
830 1518 981 1549 Graeciae
1001 1518 1072 1549 sinu
1093 1518 1133 1549 ad
1155 1518 1352 1549 seminandas
1379 1518 1412 1548 in
1434 1517 1528 1548 Italia
1543 1518 1565 1534 ¹⁷

57 1585 186 1616 graecas
206 1575 314 1607 literas
335 1578 391 1606 tua
411 1575 520 1606 civitas
541 1576 747 1608 advocaverat
764 1576 793 1606 ¹⁸.
816 1575 884 1614 Qua
905 1575 1033 1616 quidem
1054 1575 1086 1606 in
1108 1586 1141 1606 re
1162 1586 1223 1606 non
1244 1578 1308 1606 tam
1330 1575 1413 1615 quod
1430 1575 1451 1592 ¹⁹
1477 1574 1564 1605 disci-

57 1632 160 1672 plinas
181 1632 371 1664 Graecorum
384 1633 416 1670 ²⁰,
430 1632 503 1663 olim
518 1633 632 1665 nostris
653 1633 824 1673 majoribus
845 1633 1025 1670 familiares,
1045 1632 1085 1663 ad
1106 1633 1273 1672 pristinum
1295 1643 1387 1664 usum
1418 1642 1563 1663 revocare

58 1690 125 1722 visa
144 1693 191 1722 est
206 1690 237 1728 ²¹,
264 1690 389 1722 laudem
417 1691 599 1722 merebatur
621 1692 827 1731 (quamquam
842 1691 865 1708 ²²
892 1694 972 1721 esset
998 1693 1074 1722 tunc
1095 1701 1132 1722 ea
1154 1691 1222 1722 laus
1250 1690 1309 1721 sibi
1330 1691 1458 1730 propria
1481 1690 1563 1729 soli),

60 1747 115 1779 sed
129 1747 212 1787 quod
226 1758 352 1788 graecas
373 1748 505 1787 litteras,
526 1748 620 1779 immo
632 1758 705 1779 vero
721 1747 884 1779 Graeciam
905 1748 1004 1788 ipsam
1020 1751 1214 1788 pereuntem,
1237 1748 1362 1785 salvari,
1377 1747 1530 1787 quomodo
1542 1747 1564 1764 ²⁸

57 1804 182 1843 licebat,
209 1805 438 1845 propagarique
469 1805 554 1845 apud
574 1815 629 1836 nos
650 1805 778 1836 curavit.
813 1804 902 1843 Quod
921 1805 947 1836 si
968 1805 1063 1845 paulo
1085 1805 1155 1845 plus
1186 1806 1334 1845 temporis
1348 1805 1370 1821 ²¹
1402 1804 1564 1835 immorari

58 1861 170 1894 studiis
189 1862 251 1893 illis
272 1862 408 1894 licuisset
429 1865 461 1893 et
481 1862 622 1893 Manueli
641 1862 826 1900 conversari,
854 1863 917 1902 qui,
940 1865 976 1894 ut
995 1863 1112 1902 optime
1133 1865 1272 1899 noverat,
1301 1863 1345 1893 ita
1366 1873 1460 1902 quam
1481 1861 1565 1892 facil-

58 1919 132 1950 lime
146 1919 168 1936 ²⁵
189 1919 331 1957 docebat,
360 1920 461 1959 pauci,
492 1920 547 1959 qui
568 1929 667 1959 usque
687 1919 728 1950 ad
749 1922 924 1951 extremum
956 1920 1100 1951 discendo
1130 1923 1420 1960 perseveraverunt,
1451 1919 1565 1959 integri

58 1976 251 2016 perfectique
271 1977 449 2008 evasissent.
471 1976 553 2008 Nam
574 1977 688 2008 multos
709 1977 749 2009 ab
772 1977 860 2008 initio
874 1978 897 1994 ²⁷⁶
919 1978 973 2017 qui
994 1980 1203 2008 convenerant
1224 1977 1301 2008 alios
1314 1976 1454 2009 discendi
1474 1976 1564 2007 labor

69 2084 76 2102 ⁴
97 2083 159 2111 Cosi
177 2083 206 2112 in
226 2085 303 2112 Ram.
323 2093 335 2111 e
355 2084 432 2119 PM.;
452 2084 496 2112 ΒΓ.
510 2093 523 2111 e
544 2084 598 2113 PP.
619 2084 791 2112 Florentino
830 2084 850 2102 ¹²
871 2085 951 2112 Bern.
970 2086 1078 2112 »motum

69 2129 79 2146 2
99 2129 159 2157 Ber.
183 2129 311 2156 Petronio
330 2129 458 2156 arbitror
828 2129 850 2147 ¹5
870 2129 947 2157 Ram.
969 2129 1125 2164 ingycntinm
1146 2129 1285 2156 bellorum

68 2173 78 2191 ³
96 2171 151 2200 PP.
170 2173 239 2207 quia
828 2173 851 2193 ¹5
870 2174 915 2202 ΒΓ.
934 2173 968 2201 83
988 2174 1088 2201 emisso

67 2216 78 2236 4
96 2217 151 2246 PP.
163 2218 293 2252 primum
314 2219 338 2244 tc
828 2218 849 2236 ¹⁷
870 2218 950 2246 Bern.
964 2227 1020 2253 per
1038 2218 1160 2246 Italiam,

70 2261 80 2281 ⁵
100 2262 163 2290 Cosi
181 2262 226 2289 Br.
247 2262 281 2290 83
294 2270 308 2289 e
328 2262 391 2297 (ἔπι-,ς
410 2262 450 2297 gli
469 2261 534 2290 altri
553 2270 634 2290 senza
654 2264 794 2298 tempore;
831 2264 852 2281 ¹⁸
872 2264 917 2291 ΒΓ.
936 2263 978 2290 83.
999 2263 1059 2290 ΡΜ.
1078 2263 1249 2298 α(Ζι-οοαναΐ;
1270 2262 1315 2290 Gr.
1334 2261 1484 2289 advocarit

95 2306 176 2335 Born.
195 2307 373 2334 continenter
386 2308 487 2341 postea
830 2308 852 2326 ¹⁴³
872 2307 926 2336 ΡΙ),
945 2308 1015 2342 quia

68 2350 79 2369 ὃ
98 2351 178 2378 Bern.
198 2350 404 2385 nuliacunzque
422 2351 453 2378 in
472 2359 504 2379 rc
831 2354 854 2371 ⁰-0
873 2353 953 2380 Beru.
977 2352 1103 2379 Graecas

69 2395 79 2413 ⁷
98 2395 180 2423 Bern.
199 2394 261 2423 Nec
279 2403 337 2423 non
356 2396 432 2430 qnod
830 2398 850 2415 2¹
879 2396 946 2424 Visa
965 2398 1005 2423 est
1032 2404 1069 2424 sc.
1096 2396 1197 2424 civitas
1222 2397 1288 2431 ωας
1318 2396 1399 2423 Bern.
1418 2395 1511 2424 invece
1530 2395 1567 2423 ha

68 2439 79 2457 ⁸
97 2439 153 2467 PP.
171 2440 205 2466 ut
858 2441 950 2476 jussit

68 2483 79 2502 ⁹
97 2483 174 2511 Ram.
194 2483 300 2512 discere
831 2485 855 2503 22
875 2486 956 2513 Rern.
976 2494 1061 2519 quam
1081 2485 1158 2520 quod
1174 2493 1222 2520 per
1241 2493 1416 2520 quamquam

57 2528 80 2546 ⁴0
99 2528 162 2556 Cosi
181 2528 253 2564 PR,
273 2527 314 2564 gli
332 2528 397 2556 altri
409 2529 542 2564 primum
830 2531 852 2549 2³
872 2530 954 2557 Bern.
974 2530 1029 2557 PP.
1049 2529 1256 2564 quodammodo

57 2573 77 2591 ⁴¹
99 2572 180 2601 Bern.
194 2581 251 2608 pro
269 2581 312 2601 me
829 2574 852 2592 ‘²⁴
874 2574 939 2601 Cosi
958 2574 1003 2601 ΒΓ.
1022 2574 1072 2609 83;
1091 2574 1131 2609 gli
1150 2574 1215 2601 altri
1235 2574 1374 2602 omettono
1393 2574 1528 2609 temporis

57 2617 81 2635 ¹2
99 2617 154 2645 PP.
178 2617 303 2646 Graecas
832 2619 855 2637 ⁴25
874 2619 955 2646 Born.
975 2617 1061 2651 facile

58 2662 80 2681 ¹3
99 2662 179 2691 Bern.
199 2671 281 2691 senza
299 2662 338 2691 ad
354 2670 407 2691 nos
830 2663 853 2683 26
872 2663 955 2691 Bern.
974 2662 1087 2697 multos,
1105 2662 1155 2698 qui
1173 2663 1208 2691 ab
1227 2663 1310 2691 finitio
