1845 3076
739 185 874 208 sris-rote
1543 180 1562 209 3

781 360 836 392 111.

521 468 676 501 JACOBO
703 469 758 500 DE
786 468 974 501 TARVISIO
1003 469 1032 501 S.
1060 469 1097 500 D.

584 560 712 592 PADUAE,
733 560 774 584 xx
794 561 927 585 ΝονΕΜΒ.
949 553 1036 585 1403.

402 636 465 671 (Βν.
479 645 511 671 p.
530 637 566 664 41
586 644 601 664 e
619 636 679 670 785
699 652 731 656 -
751 635 822 664 PM.
842 644 864 665 c.
884 637 962 665 10-1:
981 653 1014 657 —
1033 636 1096 664 ΡΡ.
1115 645 1144 665 n.
1163 637 1226 673 78.)

131 743 287 774 Accusare
308 744 341 773 te
360 751 489 782 possem,
510 741 564 773 sed
584 741 619 772 id
632 751 674 773 an
694 741 806 773 merito
821 741 933 773 nescio.
955 742 1035 773 Tute
1059 742 1142 773 enim
1157 742 1224 779 scis,
1245 743 1448 782 quamobrem
1464 743 1564 776 latere

49 809 102 831 me
122 801 212 831 tuum
226 799 419 840 propositum
439 799 572 830 volueris
586 801 642 830 aut
661 801 745 830 certe
766 799 906 830 indicare
922 800 930 816 ¹
951 799 1134 839 neglexeris,
1150 799 1189 830 de
1205 800 1401 840 migratione,
1421 801 1560 841 inquam,

51 867 148 897 quam
160 866 262 896 paras.
285 855 491 896 Quamquam,
506 856 582 896 quid
596 856 753 888 attinebat
773 856 913 887 iudicare
926 857 946 893 ²,
968 866 1038 886 cum
1060 856 1092 886 in
1114 866 1163 887 me
1184 857 1263 887 nihil
1277 867 1403 897 prorsus
1418 857 1561 888 futurum

51 916 131 946 esset
145 914 156 931 ³
177 913 297 951 auxilii,
317 913 437 944 consilii
450 913 590 953 profecto
609 913 742 953 parum?
762 913 834 944 Iure
845 913 855 930 ⁴
877 915 984 944 tamen
1001 913 1157 944 amicitiae
1172 923 1317 946 accusare
1332 917 1364 945 te
1377 924 1507 954 possem,
1526 915 1560 945 in

51 980 115 1012 qua
136 970 265 1002 consilia
285 970 389 1002 omnia
409 969 524 1001 debent
544 970 720 1001 communia
746 979 819 1001 esse.
841 969 901 1001 Sed
922 969 980 1001 hoc
1000 972 1163 1010 praetereo
1184 981 1277 1008 nunc,
1300 974 1330 1003 et
1352 972 1508 1012 quoniam,
1530 974 1563 1003 te

53 1027 134 1058 nihil
153 1027 322 1064 indicante,
344 1026 376 1057 id
395 1026 513 1066 rescivi,
535 1029 567 1058 te
580 1036 705 1067 quoque
727 1026 806 1057 nihil
820 1029 958 1067 petente,
978 1027 1081 1058 dicam
1102 1027 1179 1067 quid
1192 1028 1203 1045 ⁵
1223 1028 1256 1059 in
1271 1037 1309 1059 ea
1323 1038 1357 1059 re
1371 1028 1447 1059 mihi
1460 1028 1561 1060 videa-

48 1086 111 1116 tur.
131 1084 288 1124 Imprimis
307 1086 411 1115 certus
429 1083 469 1115 de
489 1086 521 1115 te
539 1093 618 1122 sum,
639 1093 740 1123 neque
759 1084 933 1124 cupiditate
946 1083 1119 1116 adductum
1137 1084 1184 1116 ire
1198 1084 1279 1117 velle
1301 1086 1396 1126 (quae
1411 1088 1468 1116 tua
1487 1085 1557 1116 laus

51 1142 123 1181 est),
142 1151 245 1182 neque
267 1142 362 1181 (quae
377 1141 522 1172 fortunae
537 1140 664 1181 gratia),
684 1141 791 1181 inopia
810 1141 856 1172 rei
877 1141 1063 1173 domesticae
1078 1144 1229 1180 coactum,
1244 1143 1369 1174 tametsi
1390 1145 1560 1182 utrumque

51 1198 156 1239 potius
170 1198 267 1229 divini
280 1198 418 1229 muneris
433 1200 488 1236 est,
503 1200 536 1229 et
551 1198 635 1238 quod
648 1198 660 1215 ⁶
679 1198 831 1229 modestia
845 1198 1036 1239 reliquisque
1057 1198 1227 1230 virtutibus
1241 1199 1393 1237 abundas,
1407 1203 1439 1231 et
1451 1200 1535 1240 quod
1546 1200 1558 1216 ⁷

49 1255 257 1287 exterioribus
284 1255 373 1287 bonis
392 1265 455 1287 non
480 1264 560 1296 eges.
582 1255 685 1296 Magis
706 1258 752 1286 est
772 1255 903 1287 fortasse
923 1255 1007 1295 quod
1028 1258 1060 1287 te
1087 1259 1212 1288 moveat
1238 1257 1429 1288 desiderium
1453 1268 1560 1289 rerum

48 1312 270 1353 gerendarum.
290 1312 416 1344 Homini
437 1322 584 1352 namque,
605 1313 638 1343 in
658 1313 783 1352 negotio
802 1313 921 1343 versari
940 1313 1040 1349 solito,
1056 1313 1154 1344 otium
1177 1316 1209 1344 et
1223 1314 1270 1345 rei
1284 1314 1440 1354 gerendae
1455 1314 1560 1354 inopia

50 1369 240 1409 permolesta
262 1372 318 1407 est,
339 1369 475 1400 maxime
495 1379 566 1400 cum
587 1379 619 1400 se
633 1370 644 1386 ²³
665 1369 858 1400 intellexerit
879 1370 912 1400 in
923 1369 1127 1409 amplioribus
1148 1370 1474 1402 administrationibus
1493 1382 1561 1411 pro·

49 1426 138 1458 desse
159 1436 254 1467 quam
275 1426 417 1466 plurimis
445 1436 543 1466 posse,
563 1426 658 1466 quale
678 1436 743 1457 esse
771 1436 895 1466 semper
923 1427 1018 1458 debet
1045 1427 1198 1458 bonorum
1219 1428 1381 1459 hominum
1410 1428 1557 1460 studium.

48 1483 276 1515 Verumtamen
307 1483 476 1514 videndum
498 1486 554 1521 est,
576 1494 616 1515 ne
637 1483 851 1524 hujuscemodi
871 1486 977 1514 votum
999 1494 1035 1515 eo
1058 1493 1113 1515 nos
1133 1485 1272 1522 inducat,
1293 1488 1338 1523 ut,
1360 1495 1432 1516 cum
1452 1486 1560 1517 multis

47 1540 194 1581 prodesse
215 1540 414 1577 voluerimus,
434 1542 542 1580 postea
562 1551 603 1572 ne
623 1540 711 1572 nobis
731 1540 859 1580 quidem
880 1540 953 1580 ipsis
974 1540 1119 1580 prodesse
1148 1541 1316 1573 valeamus.
1337 1541 1427 1573 Nosti
1446 1542 1558 1580 locum,

47 1607 110 1638 quo
130 1597 272 1629 conferre
292 1599 324 1628 te
345 1607 448 1637 paras,
469 1597 646 1637 inquietum
666 1607 731 1629 esse
745 1607 817 1629 cum
836 1597 992 1628 intestinis
1012 1597 1217 1629 seditionibus
1237 1601 1307 1629 tum
1323 1601 1454 1630 externo
1467 1599 1559 1631 bello.

47 1653 164 1685 Parum
183 1656 299 1692 tutum,
331 1664 372 1686 ne
392 1665 455 1686 non
476 1664 587 1686 sanum
602 1654 704 1686 dicam
718 1655 739 1692 ⁹,
760 1655 922 1686 consilium
942 1654 1089 1693 arbitror,
1110 1665 1183 1686 cum
1203 1655 1273 1695 quis
1294 1656 1327 1686 in
1353 1659 1447 1696 portu
1474 1659 1559 1688 tran-

46 1711 145 1752 quillo
162 1711 212 1750 sit,
224 1711 259 1742 in
278 1721 367 1743 mare
385 1712 605 1743 turbulentum
625 1721 663 1743 ac
683 1711 888 1752 procellosum
903 1714 1013 1751 sponte
1033 1721 1145 1743 navem
1157 1722 1322 1753 exponere,
1343 1716 1376 1745 et
1388 1723 1454 1745 sese
1478 1714 1558 1754 peri-

48 1768 127 1800 culis
146 1768 288 1801 consulto
307 1768 432 1800 inferre.
455 1768 523 1800 Scio
545 1770 611 1809 ejus
631 1769 685 1809 qui
707 1771 738 1800 te
758 1769 891 1800 advocat
910 1771 943 1799 et
965 1769 1233 1801 conversationem
1263 1780 1387 1811 semper
1412 1774 1560 1811 expeten—

46 1825 122 1857 dam
141 1835 216 1864 esse‚
237 1828 269 1858 et
288 1827 509 1858 auctoritatem
529 1826 628 1857 videri
648 1836 732 1857 nunc
758 1826 937 1864 maximam,
958 1826 1075 1866 quippe
1090 1836 1161 1857 cum
1183 1827 1205 1844 ¹⁰
1226 1829 1258 1858 et
1287 1828 1449 1859 doctrinae
1473 1828 1559 1860 fama

48 1884 81 1914 et
101 1883 184 1915 vitae
195 1884 307 1914 merito
327 1885 360 1914 et
374 1883 582 1923 amplitudine
595 1883 759 1923 dignitatis
778 1884 819 1914 sit
839 1883 930 1923 quasi
944 1883 1083 1914 medium
1096 1883 1232 1923 quodam
1246 1894 1283 1916 ac
1296 1885 1456 1916 vinculum
1476 1885 1560 1916 inter

48 1940 280 1980 principantem
296 1941 316 1957 ¹¹
339 1942 370 1971 et
383 1940 544 1972 subditum
558 1941 718 1980 populum.
738 1940 806 1972 Scio
828 1940 969 1980 indigere
990 1950 1040 1971 res
1060 1941 1131 1972 illas
1156 1942 1274 1973 talibus
1298 1942 1381 1979 viris,
1412 1942 1525 1982 quibus
1538 1943 1559 1959 ‘²'

47 1999 146 2028 cesset
166 1997 316 2029 adulatio.
347 1997 427 2029 Tute
448 2007 480 2028 es
498 1998 519 2015 ¹³
541 1998 595 2037 qui
615 2008 677 2029 non
697 2007 754 2037 per
778 1998 993 2038 arrogantiam
1015 2001 1072 2029 aut
1098 1998 1197 2030 ullam
1218 1999 1450 2031 simulationem
1474 2000 1557 2030 frau-

48 2054 214 2086 dulentum
229 2055 261 2092 ¹⁴¹,
281 2054 336 2085 sed
355 2064 412 2094 per
431 2054 633 2095 prudentiam
653 2057 685 2086 et
703 2055 985 2092 mansuetudinem,
1007 2065 1060 2086 eas
1080 2056 1250 2092 contineas,
1264 2057 1286 2074 ¹⁵
1307 2057 1362 2088 ubi
1382 2057 1452 2096 plus
1475 2057 1558 2088 beni-

47 2112 186 2144 volentia
206 2114 239 2143 et
258 2112 446 2143 sinceritatis
464 2112 577 2152 opinio,
598 2122 693 2152 quam
713 2112 874 2153 potentiae
897 2113 942 2143 vis
962 2115 1020 2143 aut
1039 2113 1136 2153 gladii
1156 2116 1268 2151 metus,
1291 2113 1384 2145 valet.
1407 2113 1560 2152 Quamob-

47 2179 124 2209 rem,
139 2169 165 2200 si
180 2171 301 2200 certum
316 2170 404 2206 esset,
418 2179 550 2209 regnum
562 2169 596 2199 id
608 2179 800 2207 mansurum,
821 2170 947 2207 nedum,
968 2179 1039 2200 cum
1060 2169 1201 2208 offertur,
1223 2170 1427 2211 acceptanda,
1448 2181 1558 2202 verum

46 2227 143 2259 etiam
162 2227 273 2266 sponte
294 2225 473 2266 adpetenda
502 2235 540 2257 ea
560 2226 695 2257 conditio
717 2226 806 2258 foret.
828 2226 888 2258 Sed
909 2227 943 2257 in
962 2237 1083 2259 summo
1110 2227 1288 2259 discrimine
1307 2238 1430 2259 summa
1450 2237 1555 2260 rerum

53 2354 61 2372 ¹
90 2353 143 2381 Nei
162 2352 268 2382 codici:
286 2352 430 2381 indicasse
829 2354 840 2372 ⁹
858 2354 904 2382 Br.
924 2354 984 2382 PM.
1003 2363 1040 2383 ne
1057 2363 1117 2382 ozon
1134 2363 1239 2383 samem
1256 2355 1410 2383 consilium

55 2398 66 2416 ²
83 2397 137 2426 Nei
156 2397 259 2427 codici:
279 2397 420 2426 iudicasse
819 2399 841 2417 ¹⁰
858 2399 963 2433 quippe
981 2407 1046 2426 cum
1065 2399 1091 2427 lo
1104 2399 1193 2427 stesso
1212 2399 1262 2427 che
1280 2407 1345 2427 cum
1359 2399 1540 2436 congiuntivo

50 2444 61 2462 ³
79 2442 126 2471 Br.
145 2451 159 2470 e
178 2442 240 2471 PM.
258 2450 316 2470 esse
817 2444 837 2460 ¹1
858 2442 912 2470 ΡΡ.
926 2443 1157 2478 principiantem

47 2488 60 2505 ⁴
78 2486 139 2515 PM.
152 2487 228 2522 jura
815 2488 837 2506 ¹2
855 2486 907 2514 Nei
926 2486 1013 2515 codici
1032 2487 1138 2522 qualis.
1158 2487 1218 2516 PM.
1238 2495 1360 2524 propone
1378 2488 1483 2524 quihus

49 2532 59 2550 5
78 2531 124 2559 Br.
143 2530 220 2566 quod
818 2532 838 2550 ¹³
858 2530 912 2559 ΡΡ.
932 2530 959 2558 is

49 2577 61 2594 ⁶
79 2575 133 2603 ΡΡ.
152 2575 223 2610 quia
813 2577 834 2594 ¹⁴
853 2575 899 2603 Br.
918 2574 980 2603 PM.
998 2574 1197 2608 frudulentum

51 2619 62 2638 ⁷
77 2619 132 2649 ΡΡ.
150 2620 222 2655 quia
814 2621 835 2637 ¹⁵
855 2619 900 2647 ΒΓ.
920 2618 952 2646 ΙΙ
971 2627 985 2646 e
1005 2618 1059 2647 ΡΡ.
1079 2620 1223 2648 contineat

46 2664 60 2682 ⁸
76 2663 137 2693 Cosi
155 2664 202 2692 Br.
221 2663 262 2692 ΙΙ.
280 2663 365 2700 Negli
384 2662 450 2692 altri
468 2671 550 2691 senza
569 2663 589 2691 il
608 2671 638 2691 se
