1845 3076
748 185 886 209 EP1sTOLn
1538 177 1575 209 15

65 281 117 302 me
131 269 320 308 muniebam,
342 280 404 301 non
425 280 486 310 quo
508 269 673 300 caritatem
693 269 865 301 amicorum
886 268 1112 301 necessitudine
1130 269 1289 310 sanguinis
1310 269 1491 301 inferiorem
1513 269 1574 301 exi-

65 327 199 364 stimem,
231 327 286 358 sed
314 337 374 367 quo
401 329 488 358 aetas
516 336 623 358 eorum
644 326 738 357 morti
758 326 928 366 proximior
948 326 1116 363 videretur,
1143 336 1334 367 quamquam
1355 326 1453 363 nulla,
1474 336 1572 366 quan-

67 384 184 415 tumvis
200 393 307 415 recens
327 386 360 415 et
373 382 494 420 florida,
515 383 625 423 procul
639 383 746 414 abesse
767 383 870 423 possit.
894 383 929 413 In
944 383 1002 414 hoc
1018 383 1114 423 igitur
1135 383 1217 423 quod
1231 384 1341 415 dieunt
1361 383 1488 424 pietatis
1508 382 1574 414 offi-

65 441 146 472 tium
166 450 216 472 me
235 441 407 481 parabam;
429 440 467 471 de
489 440 610 480 reliquo
631 444 737 471 autem
758 450 814 480 per
834 440 899 471 dies
916 441 922 457 ¹
945 442 1011 471 tam
1033 439 1130 471 bonas
1151 441 1288 472 rationes
1314 443 1572 481 comparaturum

62 507 114 529 me
132 497 310 538 sparabam,
329 496 413 538 quod
433 507 490 528 nec
511 507 614 528 meam
634 507 691 528 nec
711 497 846 537 cujusvis
867 496 999 528 hominis
1020 500 1152 527 mortem
1172 498 1228 528 aut
1249 498 1359 529 timere
1381 500 1438 528 aut
1458 496 1567 528 dolere

65 554 231 595 contigerit
252 555 271 586 ².
294 553 386 586 Nunc
405 556 511 586 autem
532 554 643 592 tribus,
664 572 703 577 -—
723 554 868 594 opinione
888 553 1016 594 quidem
1037 556 1233 585 caeterorum
1255 554 1342 586 brevi
1363 563 1503 591 numero,
1517 553 1573 585 sed

67 611 172 651 amplo
185 613 341 652 quantum
356 611 431 642 satis
446 614 493 642 est
507 611 548 643 ad
562 611 748 643 servandam
762 612 828 653 ejus
843 611 854 628 ³
868 611 990 642 virtutis
1003 610 1075 649 vim,
1089 629 1128 633 —
1143 620 1220 650 quos
1235 620 1306 642 vere
1320 621 1445 651 possum
1460 611 1574 643 amicos

63 669 178 706 dicere,
198 668 373 706 contentus,
395 668 474 699 nihil
494 669 532 700 de
545 678 669 709 quoque
689 679 797 700 eorum
812 667 1027 709 hujuscemodi
1047 668 1214 708 sperabam
1228 668 1246 699 ⁴.
1269 668 1336 707 Quo
1350 668 1457 708 itaque
1471 668 1574 699 minus

65 725 284 766 praevideram
304 725 396 765 hunc,
418 735 454 757 eo
475 725 635 757 molestius
654 725 795 757 ferebam
816 725 1050 765 execrabarque
1063 726 1074 742 ⁵
1101 735 1211 757 casum
1230 728 1296 756 tam
1320 725 1479 763 acerbum,
1507 728 1574 757 tam

63 792 230 823 asperum3
262 785 294 814 et
315 792 437 814 mecum
456 783 511 820 ita,
544 782 658 815 doloris
678 783 853 823 impatiens,
884 783 1025 823 agebam.
1054 782 1125 814 Heu
1147 793 1242 822 quam
1273 782 1383 822 iniqua
1402 792 1467 813 sors
1488 782 1572 813 hunc

64 840 175 879 virum,
196 840 310 880 quietis
331 840 551 877 avidissimum,
572 840 695 880 patriae
714 850 790 872 suae
803 840 981 871 simultates
1000 840 1182 880 fugientem,
1203 840 1235 870 in
1249 839 1353 871 aliena
1373 839 1445 871 odia
1466 839 1573 871 imme-

63 897 183 928 ritum⁶
202 897 348 937 impulit!
374 896 449 935 Quis
471 900 596 928 tantum
616 897 745 936 facinus,
767 898 854 929 nefas
867 897 878 914 ⁷
899 907 993 929 ausus
1014 900 1070 934 est,
1093 899 1128 928 ut
1153 897 1320 934 hominem,
1342 907 1404 937 quo
1425 906 1489 928 non
1504 899 1574 928 erat

63 953 147 986 alter
167 954 200 985 in
232 955 308 986 orbe
336 954 456 992 melior,
485 955 599 995 cuique
629 965 720 986 omne
752 954 891 986 studium
919 957 997 992 erat,
1030 957 1065 986 ut
1096 954 1248 986 universis
1278 954 1450 986 secundum
1480 954 1575 985 virtu-

61 1014 127 1043 tem
158 1014 190 1043 et
220 1012 415 1053 aequitatem
448 1012 671 1052 complaceret,
703 1012 881 1052 proderet?
907 1012 917 1029 ⁸
948 1011 1060 1043 Nescio
1090 1012 1238 1052 profecto,
1270 1011 1347 1052 quid
1370 1011 1508 1043 scelestis
1542 1014 1574 1042 et

62 1068 224 1109 nephariis
255 1069 441 1108 hominibus,
463 1079 539 1109 quos
571 1069 711 1109 quotidie
731 1069 900 1101 sceleribus
924 1069 1043 1100 scelera
1062 1069 1198 1109 adijcere
1220 1068 1398 1100 exultantes
1418 1069 1574 1100 cernimus

61 1126 95 1157 in
115 1126 256 1166 optimos,
288 1129 415 1158 tantum
436 1126 621 1167 permissum
652 1127 717 1158 est!
754 1126 840 1158 Nihil
861 1137 959 1167 usque
989 1128 1022 1157 in
1042 1126 1118 1158 orbe
1137 1126 1261 1157 tutum!
1284 1144 1322 1149 -
1343 1125 1425 1164 Quid
1445 1126 1572 1158 obsecro

59 1183 92 1214 in
113 1185 253 1215 caeteros
282 1183 348 1221 fiet,
379 1184 405 1214 si
426 1184 484 1215 hoc
510 1184 683 1215 sacrarium
704 1183 867 1221 virtutum,
895 1184 1102 1215 certissimum
1129 1183 1294 1215 literarum
1321 1183 1493 1221 oraculum,
1514 1183 1574 1215 via

62 1240 130 1272 lare
161 1240 322 1282 sacrilegis
342 1241 488 1272 manibus
518 1241 630 1272 licuit?
651 1259 690 1263 -
712 1241 834 1272 Deinde
854 1244 1020 1273 renovatas
1041 1241 1138 1273 ferme
1158 1250 1377 1281 recognoscens
1398 1251 1456 1279 res,
1476 1250 1577 1272 exem-

61 1297 116 1338 pla
135 1300 286 1336 veterum,
318 1297 433 1338 quibus
460 1298 570 1329 crebro
598 1298 683 1330 idem
706 1308 780 1329 usus
808 1298 912 1330 evenit
932 1298 1026 1330 solari
1046 1309 1106 1336 me,
1129 1308 1282 1338 ceperam,
1304 1298 1514 1339 angebarque,
1537 1300 1574 1329 ut

62 1354 178 1395 quibus
197 1356 369 1387 communis
398 1355 514 1387 inesset
534 1365 657 1387 mecum
676 1355 765 1387 dolor
785 1355 943 1387 demerem
963 1356 989 1386 si
1010 1365 1139 1396 possem,
1160 1356 1235 1396 quja
1255 1365 1304 1386 res
1319 1355 1398 1386 haec
1419 1357 1451 1386 et
1471 1355 1574 1396 gravis

62 1413 94 1443 et
115 1412 236 1443 inutilis
256 1412 347 1444 foret.
368 1411 434 1443 Nec
455 1422 565 1444 vereor
580 1414 697 1450 tamen,
718 1412 758 1444 de
778 1423 892 1453 parum
911 1413 1045 1453 benigne
1066 1412 1158 1450 ferre,
1178 1413 1271 1453 quod,
1292 1412 1380 1444 brevi
1400 1422 1572 1453 paucorum

60 1469 183 1501 dierum
203 1469 311 1501 dolore
325 1471 499 1507 contentus,
521 1469 642 1501 luctum
660 1470 727 1511 jam
741 1470 897 1511 deponere
912 1469 1112 1510 quaerebam.
1135 1468 1216 1501 Novi
1228 1470 1312 1501 enim
1326 1469 1575 1501 moderationem

58 1528 159 1566 tuam,
180 1526 260 1558 nihil
279 1527 491 1567 nequicquam
514 1529 671 1567 expetere,
693 1527 752 1558 nisi
775 1527 859 1568 quod
872 1527 1044 1559 secundum
1061 1526 1211 1558 virtutem
1226 1526 1385 1567 praestari
1405 1526 1465 1558 tibi
1480 1527 1576 1567 possit

63 1594 135 1615 cum
155 1594 212 1624 pro
232 1586 318 1615 certe
338 1584 401 1615 scio
426 1584 448 1622 ⁹,
471 1584 602 1616 moleste
623 1587 655 1616 te
674 1584 869 1623 habiturum,
890 1585 974 1625 quod
993 1584 1177 1616 memoriam
1196 1586 1294 1623 tuam,
1317 1594 1414 1624 quam
1430 1584 1576 1625 jucundi-

59 1643 128 1672 tate
149 1643 182 1672 et
202 1641 350 1673 laudibus
369 1642 513 1673 venerari
528 1641 693 1680 debebam,
713 1643 822 1674 dolore
843 1644 875 1673 et
894 1642 1032 1673 lacrimis
1045 1652 1258 1682 prosequerer.
1281 1641 1384 1674 Sentis
1405 1641 1489 1673 enim
1504 1651 1575 1673 cum

59 1708 104 1735 eo,
127 1699 182 1739 qui
198 1698 219 1715 ¹⁰
239 1698 286 1730 ita
307 1698 347 1730 de
367 1708 400 1730 se
417 1699 520 1740 jussit.
548 1699 647 1731 Nemo
667 1710 714 1731 me
736 1700 875 1732 lacrmis
894 1700 1021 1737 decoret,
1043 1709 1097 1731 nec
1117 1700 1236 1739 funem
1267 1700 1342 1739 fletu
1361 1699 1458 1739 faxit.
1478 1698 1576 1730 Vetat

57 1755 141 1786 enim
162 1755 276 1788 funera
297 1756 479 1796 existimari,
501 1766 583 1797 quae
598 1757 738 1788 clarioris
754 1759 786 1788 et
801 1757 938 1789 melioris
958 1757 1042 1788 vitae
1056 1757 1150 1788 initia
1165 1759 1248 1788 sunt.
1269 1756 1329 1788 Sed
1349 1756 1429 1788 haec
1447 1756 1576 1797 quidem

60 1813 166 1844 omnia
197 1813 298 1844 ventis
328 1813 405 1845 data
425 1815 509 1852 sunt,
530 1816 567 1845 ut
586 1814 712 1845 dicitur.
737 1814 785 1846 Tu
808 1815 901 1853 enim,
923 1815 1042 1856 gratias
1062 1815 1139 1859 Deo,
1159 1814 1322 1845 incolumis
1342 1824 1382 1846 es.
1405 1814 1469 1855 Ego
1488 1813 1575 1845 dolui

62 1871 219 1910 quantum
231 1870 330 1910 potui,
347 1873 388 1910 et,
411 1873 448 1901 ut
459 1881 533 1902 vere
554 1871 665 1911 dicam,
687 1871 758 1912 plus
780 1882 876 1912 quam
887 1872 984 1912 potui.
1003 1871 1078 1911 Nec,
1095 1872 1122 1902 si
1139 1871 1395 1910 mibicrederem,
1413 1881 1451 1902 ex
1469 1870 1575 1902 dolore

56 1927 146 1967 perii.
173 1926 244 1958 Non
266 1929 375 1959 tamen
404 1928 561 1960 inutiliter
588 1929 685 1967 dolui,
713 1939 785 1960 cum
805 1929 958 1970 plurimas
975 1930 1074 1961 bonas
1093 1929 1306 1960 institutiones
1325 1928 1573 1960 contemnendae

55 1984 164 2015 mortis
183 1984 278 2016 simul
298 1987 330 2016 et
349 1985 434 2017 vitae
455 1985 532 2017 mihi
553 1986 723 2024 venditavi,
747 1987 802 2027 qui
824 1997 861 2019 ex
882 1997 1074 2027 unaquaque
1094 1997 1129 2019 re
1149 1987 1224 2019 boni
1239 1986 1359 2026 aliquid
1380 1986 1469 2025 lucri,
1489 1986 1574 2026 quod

56 2041 201 2073 ditiorem
221 2042 362 2073 animum
382 2042 489 2081 faciat,
511 2045 640 2083 captare
660 2044 816 2075 constitui.
838 2044 949 2076 Palam
971 2044 1045 2082 vidi,
1068 2054 1164 2085 quam
1179 2043 1278 2076 libere
1298 2044 1363 2075 vita
1382 2045 1499 2081 nostra,
1514 2043 1573 2075 sor-

53 2100 152 2130 tunae
172 2098 310 2131 ludibrio
330 2100 473 2141 subjecta
493 2100 543 2138 sit,
571 2103 726 2141 quantum
746 2101 805 2133 hoc
818 2102 838 2119 ¹¹
858 2102 939 2142 juris
960 2102 994 2132 in
1015 2111 1071 2133 nos
1092 2101 1220 2133 habeat.
1248 2100 1458 2140 Quamobrem
1476 2100 1573 2131 didici

56 2155 137 2186 nihil
156 2156 222 2187 tale
244 2155 390 2198 deinceps
410 2167 525 2189 novum
547 2158 736 2198 existimare,
765 2159 850 2199 quod
869 2159 1040 2190 maximam
1059 2159 1153 2200 hujus
1180 2158 1279 2190 nostri
1308 2158 1384 2189 mali
1404 2157 1573 2189 medellam

56 2212 158 2244 credo.
181 2213 225 2245 Ut
239 2214 324 2245 enim
345 2224 408 2246 non
431 2215 585 2246 miramur
605 2225 643 2247 ea
657 2225 739 2256 quae
759 2216 901 2256 quotidie
914 2216 1011 2248 oculis
1032 2216 1182 2254 videmuS,
1203 2216 1249 2247 ita
1263 2225 1321 2248 nec
1340 2215 1526 2254 doleremus,
1546 2215 1573 2246 si

56 2270 204 2302 continue
225 2271 467 2311 praemoderata
479 2272 501 2289 ¹²
521 2272 610 2304 nobis
632 2275 743 2305 essent.
764 2272 825 2305 Sed
845 2273 924 2306 haec
944 2274 1072 2314 quidem
1091 2283 1213 2306 mecum
1241 2273 1396 2306 discutere
1416 2272 1526 2307 habeo.
1549 2273 1571 2289 ¹³

65 2353 73 2371 ¹
95 2353 157 2382 PM.
176 2355 300 2383 annota:
322 2356 493 2392 propediem
511 2356 622 2392 melius,
651 2353 702 2386 sed
718 2359 798 2386 errat
844 2359 855 2376 ⁷
873 2358 941 2386 Reff.
961 2359 988 2386 et
999 2358 1085 2392 nefas

89 2405 155 2426 cum
172 2398 235 2433 ipso
254 2399 355 2428 codice.
843 2403 854 2420 ⁸
872 2402 933 2431 ΡΜ.
947 2403 1121 2438 proderetur

67 2441 79 2459 2
96 2441 144 2470 Br.
163 2450 178 2470 e
195 2442 251 2470 PP.
271 2443 455 2480 contingeret.
475 2444 537 2474 PM.
555 2445 711 2482 contiyeret
842 2448 853 2464 ⁹
872 2447 928 2475 PP.
946 2448 1119 2482 acprocerto
1131 2447 1188 2476 scio

65 2486 77 2503 ³
95 2486 167 2522 eJus,
187 2495 234 2522 sc.,
252 2487 383 2517 caritatis
395 2489 554 2518 amicorum
830 2491 854 2510 ¹0
871 2491 927 2519 PP.
945 2491 1023 2526 quod

66 2529 80 2548 ⁴
96 2537 213 2566 sperare
232 2531 316 2560 dieesi
334 2532 421 2561 anche
439 2533 467 2561 di
485 2541 547 2562 cose
565 2535 650 2563 tristi.
830 2537 852 2554 11
872 2535 928 2563 ΡΡ.
947 2536 1047 2564 omette
1065 2535 1084 2563 Γ
1094 2536 1146 2565 hoe

65 2574 77 2592 ⁵
94 2575 158 2603 Cosi
170 2575 216 2604 Br.
229 2584 244 2604 e
256 2576 318 2605 PM.
331 2577 400 2606 Reff.
413 2578 629 2615 marcebat-que.
642 2579 703 2608 PM.
716 2587 793 2609 exer·
830 2581 853 2598 ¹2
870 2579 926 2609 PP.
939 2588 996 2615 per
1009 2580 1157 2609 moderata

87 2619 234 2655 cebarque.
831 2625 852 2642 ¹³
872 2623 974 2653 Habeo
993 2624 1038 2653 sta
1055 2624 1142 2653 anche
1160 2624 1223 2654 coll*
1236 2624 1355 2654 infinito.

58 2663 75 2681 >⁵
92 2662 139 2693 Br.
159 2671 173 2693 e
192 2663 252 2694 PM.
270 2665 452 2696 inmeritum
