1845 3076
757 178 896 202 amsrom:
1531 169 1582 199 171

73 265 298 297 molestissima.
324 263 414 301 Nam,
435 267 472 295 ut
486 264 600 294 mirum
616 266 673 300 est,
696 263 728 294 in
742 262 867 294 homine
887 272 950 293 uno
964 265 1011 293 tot
1026 262 1155 293 eximias
1176 262 1273 298 dotes,
1288 265 1365 302 quot
1385 264 1587 301 quantaeque

73 323 105 353 in
127 332 162 353 eo
184 324 284 360 erant,
305 321 479 358 convenire,
500 321 554 359 ita,
576 330 646 351 cum
667 319 736 351 illos
751 319 805 359 qui
824 319 870 350 ita
892 322 965 351 sunt
987 319 1121 359 praediti
1143 318 1293 349 excedere
1313 318 1465 359 contingit
1480 328 1496 349 e
1513 319 1585 356 vita,

71 380 181 419 ingens
207 381 253 410 est
281 377 503 418 superstitibus
533 376 726 417 posterisque
755 387 792 407 ea
821 376 956 416 jactura.
990 376 1072 413 Quot
1093 376 1175 406 enim
1205 375 1432 407 existimamus.
1464 376 1588 415 ingenio

73 435 210 476 magno¹
232 435 356 466 dotatos
377 437 407 466 et
429 435 469 466 ad
491 433 656 474 praeclara
669 433 775 464 studia
792 433 866 464 totis
881 433 991 463 animis
1013 436 1150 463 arrectos
1162 434 1182 469 ¹²,
1203 433 1270 473 ejus
1285 443 1368 463 nunc
1389 432 1486 471 obitu,
1508 432 1540 462 in
1555 442 1587 463 se

72 493 237 532 torpuisse,
260 502 378 532 speque
398 491 482 523 omni
499 492 566 532 jam
588 493 661 522 ante
688 493 837 530 concepta
858 490 1016 521 decidisse.
1046 491 1105 527 Qui
1127 490 1183 520 nisi
1206 490 1253 521 vel
1275 490 1304 520 vi
1326 490 1462 529 propria,
1491 490 1589 530 magis

71 552 179 582 autem
200 549 306 580 divina
320 558 378 589 ope
391 548 606 585 subleventur,
628 551 791 587 praestans
813 557 920 578 eorum
942 547 1101 587 ingenium
1116 549 1173 578 aut
1187 550 1359 577 marcescat
1379 547 1442 578 otio
1463 556 1588 578 necesse

70 609 124 645 est,
146 605 194 637 vel
215 605 422 637 illiberalibus
443 605 553 636 studiis
573 604 727 635 traditum
744 604 880 635 vilescat.
905 602 984 634 Nam
1007 613 1113 634 omnes
1127 603 1263 643 quidem,
1285 604 1338 643 qui
1354 603 1477 635 (licendi
1501 614 1586 634 exer-

70 663 213 694 citationi
241 672 368 702 operam
389 662 487 693 ullam
516 662 645 698 dabant,
674 661 707 691 hi
728 661 775 692 vel
797 661 837 692 ab
859 671 894 692 eo
917 661 1081 691 exercitati
1107 662 1164 691 aut
1192 660 1334 700 exemplo
1363 661 1429 700 ejus
1459 660 1588 692 adducti

69 720 285 761 proficiebant.
304 720 378 750 Erat
394 719 476 750 enim
491 719 628 749 comunis
649 718 786 749 omnium
803 718 959 757 magister.
981 717 1035 757 qui
1050 717 1128 748 haec
1142 720 1198 748 aut
1213 718 1337 748 omnino
1354 718 1420 748 ulla
1433 718 1586 749 bonarum

68 776 185 809 artium
206 776 313 808 studia
336 778 553 816 sequerentur.
575 775 623 806 Ad
644 785 737 815 quem
760 785 857 806 unum
885 784 990 806 omnes
1011 774 1177 805 dubiorum
1198 784 1323 805 suorum
1352 774 1476 811 indicia,
1504 775 1588 806 labo-

68 844 201 874 rumque
228 834 347 874 judicia
379 833 567 864 referebant.
601 834 668 871 Quo
689 833 754 872 ipso
774 833 806 863 in
827 832 951 863 homino
983 842 1053 862 cum
1075 831 1207 863 mirarer
1237 841 1393 862 summum
1427 832 1587 871 ingenium

69 890 339 930 excellentemque
361 890 546 927 doctrinam,
566 900 628 921 non
649 890 752 920 minus
772 892 878 920 tamen
905 888 1093 919 suavitatem
1115 898 1235 919 morum
1264 888 1585 928 humanissimumque

68 948 151 979 vitae
172 947 430 979 consuetudinem
446 950 477 978 et
492 947 632 978 mirabar
654 950 685 978 et
707 946 921 986 amplectebar
942 945 1054 976 animo.
1078 945 1142 976 Nec
1163 946 1244 976 visus
1261 949 1307 976 est-
1320 945 1397 976 mihi
1418 946 1586 985 quisquam

67 1005 151 1037 omni
172 1015 243 1036 mea
255 1005 414 1042 memoria,
435 1005 489 1044 qui
503 1007 569 1035 tam
585 1006 658 1044 apte
680 1004 824 1035 eximiam
846 1003 1032 1043 gravitatem
1055 1013 1176 1033 morum
1197 1013 1267 1033 cum
1290 1013 1411 1034 summa
1434 1003 1587 1035 facilitate

67 1062 250 1094 miscuisset.
274 1062 422 1100 Quocum,
437 1062 463 1092 si
477 1061 552 1102 quid
575 1061 777 1093 tractandum
800 1064 880 1092 esset
901 1061 982 1097 serii,
998 1060 1077 1091 nihil
1100 1070 1136 1091 eo
1149 1060 1275 1100 gravius
1298 1061 1428 1100 reperiri
1451 1064 1585 1101 poterat.

67 1118 120 1150 Sin
135 1122 262 1150 strenue
277 1119 351 1159 quid
373 1120 538 1159 agendum,
556 1119 662 1150 nullus
676 1129 806 1159 usquam
829 1118 1017 1157 diligentior,
1032 1136 1070 1139 ——
1085 1118 1109 1147 si
1132 1117 1318 1155 feriandum,
1340 1128 1431 1149 nemo
1446 1118 1585 1158 jocosior.

67 1176 161 1216 Apud
185 1187 278 1216 quem
294 1179 325 1207 et
339 1186 449 1207 sanum
472 1176 637 1207 consilium
651 1178 681 1206 et
703 1178 883 1215 promptum
905 1175 1057 1205 auxilium
1079 1175 1222 1205 omnibus
1243 1175 1383 1214 patebat,
1404 1185 1504 1215 aeque
1526 1176 1585 1206 civi

66 1234 305 1274 peregrinoque,
334 1234 408 1264 dum
432 1233 497 1264 ulla
519 1233 609 1264 modo
639 1233 762 1263 virtutis
783 1243 852 1273 spes
873 1232 1010 1263 eluceret
1031 1233 1063 1262 in
1086 1242 1129 1263 eo.
1158 1232 1272 1271 Itaque
1304 1232 1415 1263 merito
1442 1242 1549 1264 omnes
1562 1234 1584 1271 ³,

65 1301 266 1332 quacumque
287 1291 430 1322 auditum
453 1294 499 1322 est
522 1291 636 1322 Colucij
658 1301 780 1329 nomen,
810 1294 844 1321 ut
866 1290 989 1321 coluere
1011 1290 1174 1327 viventem,
1200 1290 1246 1320 ita
1268 1290 1407 1320 defuncti
1436 1291 1503 1330 ejus
1523 1301 1586 1321 me—

67 1348 199 1380 moriam
220 1348 349 1379 summis
370 1346 503 1378 efferunt
526 1347 679 1379 laudibus.
709 1347 798 1386 Quod
819 1358 891 1378 vero
913 1348 1058 1387 propriae
1079 1347 1120 1378 ad
1142 1358 1211 1378 eam
1234 1347 1344 1378 urbem
1366 1348 1491 1384 attinet,
1522 1357 1584 1378 non

66 1405 138 1443 fuit,
161 1408 287 1445 patrum
316 1405 474 1443 memoria,
503 1405 669 1445 quisquam
698 1415 825 1436 suorum
855 1405 977 1441 civium,
1008 1405 1055 1435 cui
1078 1407 1202 1435 tantum
1232 1404 1392 1435 Florentia
1420 1404 1549 1435 deberet
1565 1405 1585 1443 ⁴,

65 1463 129 1494 sive
159 1472 234 1502 pace
255 1463 318 1493 sive
339 1462 430 1500 bello,
460 1465 614 1502 quantum
645 1462 777 1493 Colucio.
808 1461 971 1502 Nusquam
993 1462 1075 1493 enim
1098 1462 1200 1493 latina
1227 1462 1326 1492 oratio
1348 1464 1423 1492 nota
1444 1466 1503 1498 est,
1530 1462 1585 1493 ubi

65 1530 129 1551 nou
143 1520 184 1550 sit
200 1519 318 1551 Colucii
339 1530 452 1551 nomen
466 1519 594 1551 clarum.
618 1519 782 1559 Nusquam
799 1519 942 1550 Colucius
958 1520 1108 1559 cognitus,
1129 1520 1205 1559 quin
1221 1522 1253 1550 et
1268 1529 1304 1550 eo
1321 1530 1445 1560 quoque
1460 1520 1586 1550 nomine

66 1577 189 1618 patriae
211 1576 295 1608 fama
315 1577 500 1608 celebretur.
524 1576 619 1617 Cujus
639 1577 724 1616 ipsae
745 1576 893 1616 epistolae
915 1587 971 1616 pro
993 1576 1100 1606 multis
1113 1586 1206 1617 saepe
1228 1576 1367 1608 millibus
1387 1580 1582 1608 armatorum

65 1634 215 1666 adversus
236 1634 358 1665 hostem
378 1634 554 1665 valuerunt.
578 1632 689 1672 Quod⁵
710 1637 740 1665 et
763 1634 865 1673 questi
885 1637 958 1664 sunt
978 1633 1148 1673 aliquando
1168 1634 1201 1664 hi
1223 1634 1338 1674 quibus
1359 1644 1408 1665 res
1428 1634 1489 1664 fuit
1509 1644 1581 1665 cum

65 1690 255 1723 Florentinis
275 1691 359 1723 bello
379 1691 585 1728 decernenda,
607 1701 707 1731 paene
728 1691 801 1731 plus
823 1692 960 1723 obfuisse
981 1691 1024 1722 eis
1039 1691 1141 1731 Colucj
1165 1691 1320 1731 epistolas,
1342 1701 1438 1731 quam
1458 1690 1585 1722 Floren—

63 1749 202 1781 tinorum
217 1749 381 1780 exercitus
404 1749 526 1789 Itaque,
541 1749 576 1786 si,
591 1748 856 1789 quemadmodum
877 1749 1050 1789 praesentis
1073 1748 1166 1780 funus
1180 1749 1264 1780 omni
1279 1749 1395 1780 honore
1418 1749 1586 1789 studioque

64 1806 274 1843 celebravere,
295 1806 350 1843 ita,
367 1806 434 1846 jam
456 1806 604 1846 deposito,
626 1809 863 1837 monumentum
885 1816 941 1846 pro
963 1806 1116 1846 dignitate
1136 1806 1204 1843 viri,
1225 1816 1346 1846 proque
1368 1806 1454 1837 urbis
1476 1806 1586 1847 ampli-

63 1863 184 1901 tudine,
206 1866 360 1900 statuent,
382 1873 448 1894 rem
469 1863 597 1903 quidem
618 1863 735 1894 facient
755 1874 774 1894 a
795 1873 827 1894 se
847 1863 987 1895 debitam
1010 1866 1041 1894 et
1061 1863 1101 1894 ad
1127 1873 1216 1894 suam
1237 1873 1346 1894 eorum
1367 1863 1497 1904 gloriam
1523 1875 1588 1895 ma-

64 1931 201 1962 gnopere
220 1921 442 1961 pertinentem,
465 1920 590 1952 Colucio
611 1931 684 1952 vero
704 1931 744 1952 ne
765 1921 876 1961 utique
897 1921 1106 1952 necessariam
1121 1921 1141 1958 ⁶,
1163 1921 1218 1961 qui
1239 1920 1410 1961 praeclaris
1437 1921 1586 1961 operibus

64 1978 248 2016 scribendis,
268 1978 439 2018 multisque
454 1977 606 2009 librorum
622 1978 831 2010 voluminibus
851 1978 952 2016 editis,
973 1978 1156 2009 memoriam
1177 1988 1266 2009 suam
1278 1979 1311 2009 in
1322 1978 1450 2019 longum
1472 1989 1584 2010 aevum

62 2036 239 2076 posteritati
260 2036 497 2067 commendavit.
520 2036 566 2067 Ex
582 2036 695 2076 quibus
716 2036 795 2068 scire
810 2047 866 2076 per
887 2039 918 2067 te
933 2037 1025 2077 cupio
1046 2036 1122 2076 quid
1144 2038 1239 2073 extet,
1255 2040 1287 2067 et
1309 2046 1405 2076 quam
1426 2046 1512 2076 spem
1525 2036 1584 2068 das

63 2093 290 2134 exemplarium
311 2093 537 2125 habendorum.
559 2093 644 2124 Scire
665 2095 748 2125 enim
769 2094 863 2125 rebus
885 2095 951 2134 ejus
971 2093 1110 2131 adficior,
1133 2097 1165 2124 et
1187 2093 1304 2134 gloriae
1326 2093 1461 2125 hominis
1483 2094 1582 2132 faveo,

61 2151 118 2192 qui
139 2161 201 2182 non
222 2150 314 2182 modo
335 2151 527 2182 excellenter
547 2151 666 2189 doctus,
694 2161 804 2183 verum
825 2154 857 2183 et
877 2151 1080 2192 singulariter
1101 2151 1148 2182 vir
1167 2151 1267 2182 bonus
1288 2161 1411 2191 semper
1432 2154 1480 2182 est
1500 2151 1584 2182 visus

62 2207 148 2239 mihi.
171 2207 270 2248 quue
292 2210 324 2240 te
344 2208 390 2239 ita
411 2208 527 2239 sentire
549 2208 635 2240 haud
655 2208 780 2240 difficile
801 2209 952 2240 intellexi.
975 2208 1186 2247 Quamobrem
1207 2208 1370 2249 indignum
1391 2218 1474 2239 nunc
1495 2211 1585 2240 ratus

65 2274 146 2303 sum,
167 2265 254 2306 apud
273 2267 306 2297 te
327 2266 472 2303 maxime,
493 2269 525 2297 et
545 2276 581 2297 eo
601 2265 660 2297 loci
685 2266 900 2304 constitutum,
925 2266 1050 2298 silentio
1072 2277 1143 2298 eum
1164 2266 1349 2306 praeterire,
1375 2275 1468 2306 quem
1489 2266 1585 2303 tanti,

66 2324 99 2354 et
116 2321 233 2362 juditio
254 2325 287 2354 et
307 2322 470 2361 desiderio,
491 2333 614 2364 semper
635 2323 772 2355 fecimus.
794 2323 882 2355 Vale.

75 2579 83 2596 ¹
103 2578 160 2606 PP.
178 2578 324 2614 ingenue:
344 2587 414 2606 nam
854 2582 863 2597 ⁴
883 2579 939 2608 PP.
959 2579 1066 2608 doleret

73 2624 85 2642 ²
101 2622 257 2658 Adriqere,
276 2622 408 2651 dirizzare
419 2621 450 2650 in
464 2621 533 2657 alto,
545 2623 677 2659 animare,
690 2624 806 2652 eccitare
854 2626 865 2642 ⁵
887 2623 969 2660 Quod
985 2632 1034 2659 per
1052 2624 1155 2652 laonde

73 2668 85 2685 ³
102 2667 157 2696 PP.
176 2667 270 2696 omnis
853 2670 864 2688 ⁶
886 2668 939 2698 Pr.
959 2669 1150 2697 necessarium
