1845 3076
209 155 267 186 184
843 161 866 183 P.
890 161 914 183 P.
938 160 1086 182 vnnessino

202 245 392 287 jamdudum
412 245 604 282 obtinuerat,
626 245 752 284 lateque
774 254 937 284 supremus
958 244 1144 275 habebatur.
1169 243 1281 282 Nam¹,
1302 254 1340 275 ne
1360 255 1430 276 cum
1455 255 1527 276 voce
1548 245 1641 276 simul
1661 248 1718 277 aut

206 303 272 334 vita
292 303 441 334 doctrinae
463 302 529 343 ejus
549 302 732 342 magnitudo
753 302 922 341 deperiret,
937 304 969 332 et
986 311 1025 332 ne
1040 304 1208 341 praesentes
1223 303 1349 333 tantum
1364 302 1418 333 sed
1432 302 1576 334 absentes
1592 313 1716 343 quoque

207 370 246 392 ac
265 363 404 400 posteros
425 360 560 397 doceret,
581 359 752 390 multorum
774 369 957 398 magnorum
979 368 1101 398 quoque
1121 359 1314 390 voluminum
1336 360 1573 390 commentarios
1594 359 1718 391 edidit²

207 417 261 457 qui
278 417 345 458 jam
367 417 481 457 passim
502 416 654 457 divulgati
675 419 748 447 sunt
767 418 797 446 et
812 416 971 447 habentur
985 416 1017 445 in
1034 416 1151 455 praetio.
1169 415 1246 446 Cum
1261 426 1333 447 vero
1348 416 1517 456 plurimum
1532 417 1564 447 in
1578 417 1716 449 docendo

203 475 279 515 jura
298 474 447 514 temporis
468 476 674 511 consumeret,
696 473 888 513 plurimum3
921 473 953 503 in
980 472 1195 512 respondendo
1223 473 1262 504 de
1290 473 1398 510 causis,
1427 484 1488 513 que
1514 474 1554 505 ad
1583 485 1653 505 eum
1682 477 1718 506 ut

207 530 382 562 consultum
407 531 488 571 juris
516 530 750 567 deferebantur,
779 530 948 569 plurimum
975 540 1099 569 quoque
1127 530 1159 560 in
1187 531 1357 561 amicorum
1386 531 1516 570 negotiis
1548 531 1717 569 laboraret,

208 591 317 619 tamen
337 587 444 620 nullus
472 588 501 619 ei
530 587 699 619 labebatur
722 587 797 623 dies,
821 598 882 627 quo
903 597 963 617 non
986 590 1017 618 et
1038 586 1107 618 aliis
1129 598 1253 626 quoque
1274 587 1444 626 disciplinis
1465 588 1583 627 aliquid
1604 589 1719 628 impen-

206 645 296 676 deret
316 655 427 685 operae.
450 645 517 683 Quo
536 645 639 676 studio
661 643 772 680 effecit,
795 647 829 675 ut
849 643 939 674 nulla
961 647 1040 675 esset
1067 644 1193 681 artium,
1215 655 1294 684 quas
1316 644 1479 684 appellant
1506 645 1662 683 liberales,
1684 647 1717 677 in

207 712 271 743 qua
291 713 354 734 non
375 702 566 734 excellenter
585 703 710 741 saperet
731 705 763 733 et
784 701 895 732 docere
922 704 1036 741 posset,
1062 701 1108 732 ita
1130 705 1165 732 ut
1194 702 1289 732 etiam
1316 702 1346 732 in
1374 702 1582 741 quibusdam⁴
1610 713 1717 735 earum

207 760 369 800 eleganter
389 759 539 800 opuscula
559 759 724 799 scripserit.
748 758 895 790 Naturali
915 769 988 789 vero
1007 758 1208 798 philosophiae
1225 761 1256 789 et
1272 759 1416 790 oratoriae
1431 759 1574 790 facultati
1594 770 1719 791 accura-

205 817 317 848 tiorem
337 827 464 857 operam
485 816 582 854 dedit,
595 816 763 856 hausitque
778 826 830 847 eas
845 816 975 856 plenius,
990 816 1074 856 quod
1092 816 1125 846 in
1139 826 1177 847 ea
1191 816 1296 847 studia
1311 817 1478 856 ingenium,
1492 818 1621 857 pronius
1640 820 1716 849 erat.

207 874 415 914 Quamobrem
437 874 476 905 de
496 876 613 905 natura
644 884 749 904 rerum
780 873 957 904 acutissime
978 873 1139 912 disputare
1165 876 1299 912 poterat,
1321 876 1352 904 et
1380 874 1484 904 omnia
1510 884 1714 915 quaecumque

206 932 301 964 vellet
313 931 532 963 facundissime
548 931 708 962 disserere.
724 930 842 961 Extant
857 933 963 961 autem
979 930 1183 962 ornatissimze
1199 931 1354 962 orationes
1368 931 1521 970 plurimae,
1533 942 1610 971 quas
1625 932 1719 963 variis

206 990 245 1020 de
266 990 360 1021 rebus
377 989 460 1020 inter
476 990 643 1028 praesentes
658 987 779 1025 habuit,
794 988 934 1027 itemque
950 987 1011 1018 alio
1025 987 1181 1019 volumine
1197 987 1401 1027 elegantiores
1416 988 1554 1028 epistolae
1571 989 1718 1028 collectae,

206 1056 283 1088 quas
303 1047 428 1086 scripsit
448 1046 489 1077 ad
510 1046 662 1077 absentes,
684 1045 830 1076 Omnium
851 1054 923 1075 vero
944 1044 1040 1076 libros
1060 1048 1220 1076 oratorum
1242 1055 1278 1076 ac
1304 1048 1476 1084 poetarum,
1498 1045 1717 1078 historicorum

206 1114 340 1145 quoque,
361 1104 415 1144 qui
434 1106 506 1134 sunt
530 1102 615 1143 apud
636 1113 691 1134 nos
713 1102 828 1142 cogniti
844 1104 875 1133 et
891 1102 1048 1133 habentur
1061 1103 1093 1132 in
1108 1113 1174 1139 usu,
1191 1103 1236 1133 ita
1250 1102 1417 1142 diligenter
1432 1103 1551 1143 legerat
1565 1106 1600 1134 ut
1616 1104 1712 1135 etiam

208 1161 378 1193 familiares
400 1161 541 1192 haberet.
565 1159 691 1190 Nullius
714 1159 796 1204 enim
818 1160 863 1190 rei
884 1162 949 1190 tam
971 1159 1104 1198 diligens
1119 1159 1179 1190 fuit
1193 1170 1288 1199 quam
1302 1161 1450 1199 temporis
1463 1171 1526 1191 non
1541 1161 1716 1193 amittendi.

206 1219 328 1259 Itaque,
349 1219 497 1258 quoniam
518 1218 551 1248 in
572 1227 679 1249 somno
701 1219 802 1248 totum
825 1218 875 1256 (ut
896 1217 942 1248 ita
963 1217 1109 1255 dixerim)
1132 1220 1255 1258 tempus
1277 1217 1415 1249 elabitur
1436 1221 1468 1250 et
1489 1221 1535 1249 est
1548 1221 1648 1250 status
1662 1219 1716 1250 ille

206 1276 381 1308 simillimus
402 1275 504 1312 morti,
526 1285 624 1315 quum
645 1277 725 1305 esset
746 1275 808 1306 cibi
828 1274 998 1306 admodum
1018 1285 1141 1314 parcus,
1163 1275 1262 1306 somni
1276 1275 1474 1315 parcissimus
1489 1279 1567 1313 erat,
1584 1287 1640 1308 nec
1659 1276 1719 1308 nisi

207 1337 361 1375 quantum
382 1335 503 1364 naturae
524 1332 600 1363 satis
621 1334 701 1363 esset
722 1332 762 1362 ad
782 1332 1031 1363 incolumitatem
1052 1332 1188 1372 corporis
1209 1332 1402 1373 indulgebat.
1425 1333 1472 1364 De
1494 1333 1623 1374 reliquis
1638 1344 1718 1371 vero,

206 1401 277 1432 quae
298 1392 397 1422 inesse
419 1390 596 1422 hominibus
616 1389 726 1427 solent,
748 1392 784 1420 ut
805 1389 930 1421 honoris
951 1400 987 1420 ac
1008 1389 1120 1427 laudis,
1143 1390 1270 1420 minime
1290 1400 1438 1430 respuens
1467 1390 1536 1427 fuit,
1558 1401 1628 1431 quae
1656 1401 1719 1423 non

206 1449 305 1489 magis
326 1448 457 1489 p1·aemia
478 1450 552 1479 sunt
573 1457 669 1487 quam
689 1446 794 1478 calcar
814 1450 845 1478 et
866 1447 1010 1478 stimulus
1031 1447 1248 1478 laborantibus
1269 1447 1309 1478 ad
1331 1448 1488 1479 virtutem.
1512 1448 1560 1479 Ita
1578 1448 1618 1480 ab
1633 1449 1717 1480 omni

204 1507 267 1538 alia
288 1506 430 1546 passione
453 1508 484 1536 et
504 1504 760 1544 concupiscentiis
781 1505 883 1536 carnis
898 1511 1023 1544 prorsus
1039 1507 1107 1535 erat
1122 1504 1251 1541 alienus,
1268 1507 1457 1545 caeterosque
1483 1508 1519 1536 ut
1533 1505 1579 1537 ita
1595 1507 1719 1537 essent⁵

204 1564 312 1597 sedulo
333 1562 530 1594 admonebat.
554 1561 636 1593 Nam
657 1562 711 1592 ille
732 1561 868 1602 quidem,
889 1572 959 1592 cum
977 1562 1051 1601 jura
1072 1561 1222 1599 traderet,
1244 1572 1305 1592 non
1326 1562 1428 1593 minus
1448 1563 1481 1593 in
1502 1563 1616 1594 litteris
1645 1573 1716 1595 suos

204 1622 364 1655 auditores
385 1631 480 1661 quam
501 1620 534 1650 in
555 1619 643 1651 bonis
658 1619 796 1650 moribus
810 1621 842 1650 et
856 1619 1041 1659 quotidiana
1056 1619 1128 1656 vita,
1144 1622 1180 1650 ut
1195 1629 1265 1650 cum
1280 1619 1442 1650 honestate
1457 1620 1544 1651 illam
1559 1623 1715 1661 regerent,

205 1679 397 1712 informabat
407 1679 425 1709 ⁰.
448 1676 568 1716 Quibus
586 1687 624 1708 ex
639 1677 733 1708 rebus
747 1676 830 1716 apud
845 1687 951 1708 omnes
967 1677 1135 1716 plurimam
1155 1676 1249 1708 fidem
1265 1679 1297 1707 et
1310 1677 1444 1717 gratiam
1459 1681 1507 1709 est
1521 1682 1718 1718 assequutus.

206 1740 251 1769 Ac
273 1737 393 1769 caeteris
413 1735 539 1776 quidem
561 1735 606 1766 ita
625 1744 656 1766 se
670 1734 850 1771 exhibebat,
867 1737 903 1765 ut
917 1734 1008 1765 facile
1022 1734 1122 1774 primo
1135 1744 1301 1774 congressu
1315 1735 1478 1766 sinceritas
1492 1735 1557 1776 ejus
1571 1737 1712 1776 cognosci

203 1797 314 1836 posset.
336 1793 417 1825 Nam
438 1793 579 1833 quisquis
599 1792 690 1822 illum
716 1792 811 1824 semel
839 1791 933 1828 novit,
961 1791 1072 1822 dilexit
1100 1801 1241 1832 semper;
1269 1791 1367 1823 odisse
1402 1802 1494 1823 nemo
1521 1794 1632 1833 potuit,
1655 1794 1716 1825 nisi

205 1855 344 1884 extreme
366 1850 475 1882 malus.
499 1849 666 1889 Discipulis
687 1859 760 1881 vero
781 1849 844 1879 suis
858 1849 989 1879 nimium
1003 1849 1119 1880 debere
1133 1849 1342 1886 existimabat,
1358 1859 1394 1880 ac
1409 1859 1570 1890 nunquam
1585 1860 1617 1882 se
1632 1851 1716 1891 quod

204 1910 280 1942 satis
301 1911 381 1940 esset
401 1908 509 1939 fecisse
529 1907 753 1938 arbitrabatur.
781 1907 888 1946 [taque
914 1907 964 1937 vix
990 1906 1073 1937 ullus
1093 1909 1184 1946 pater
1205 1917 1224 1937 a
1244 1906 1316 1937 filiis
1336 1907 1383 1938 ita
1411 1907 1561 1948 diligitur,
1589 1910 1625 1938 ut
1651 1908 1718 1948 ipse

203 1970 272 1999 erat
292 1967 356 1998 suis
376 1965 535 2005 discipulis
555 1974 655 2001 caruS,
677 1964 825 2004 quoniam
846 1963 890 1994 ita
912 1963 1053 2001 docebat,
1076 1966 1112 1994 ut
1141 1964 1234 2004 plane
1263 1964 1432 2002 videretur,
1460 1975 1523 1996 non
1551 1965 1716 1997 ambitioni

203 2025 337 2066 propriae
358 2033 430 2054 eum
450 2022 587 2061 studere,
602 2022 656 2053 sed
677 2021 803 2052 illorum
824 2021 967 2059 utilitati,
983 2031 1040 2052 nec
1054 2021 1250 2052 comunicare
1267 2022 1420 2061 paulatim
1436 2021 1612 2053 doctrinam
1625 2022 1715 2061 velle,

204 2083 258 2115 sed
279 2082 456 2113 universam
477 2079 578 2117 simul,
599 2079 624 2109 si
645 2078 714 2110 fieri
736 2080 849 2118 posset,
865 2078 1041 2109 infundere.
1057 2078 1160 2109 Tanta
1176 2089 1247 2109 vero
1262 2081 1331 2110 arte
1346 2079 1377 2109 id
1392 2080 1508 2120 agebat
1522 2080 1600 2119 (sive
1614 2080 1714 2120 magis

203 2143 324 2172 naturae
347 2147 460 2169 munus
481 2138 573 2176 erat),
595 2139 724 2176 tamque
746 2135 891 2172 dilucide,
913 2138 948 2166 ut
969 2145 1095 2175 prorsus
1116 2136 1274 2167 videretur
1294 2136 1435 2167 indocilis
1456 2137 1596 2177 quisquis
1617 2137 1715 2169 etiam

176 2187 181 2191 ,
202 2197 385 2233 dfficfflima,
407 2194 554 2226 tradente
576 2204 621 2231 eo,
642 2204 705 2225 non
725 2196 862 2233 caperet.
885 2192 962 2224 Cum
982 2193 1079 2233 igitur
1100 2194 1133 2224 in
1150 2193 1301 2225 doctrinae
1317 2194 1440 2234 negotio
1454 2194 1609 2225 maximus
1624 2205 1662 2226 ex
1676 2204 1713 2227 eo

202 2255 322 2286 fructus
343 2254 523 2290 haberetur,
545 2262 582 2283 ac
602 2251 668 2282 fere
689 2260 795 2282 omnes
812 2250 911 2291 (quod
924 2250 1068 2281 futurum
1082 2250 1232 2282 videbant
1246 2254 1278 2282 et
1293 2251 1462 2291 timebant)
1478 2252 1717 2284 detestarentur

202 2313 235 2344 in
257 2323 293 2343 eo
314 2312 384 2342 vitae
400 2310 616 2345 mutationem,
631 2311 739 2339 tamen
749 2308 760 2325 ⁷
776 2307 796 2338 J
798 2317 913 2339 oannes
928 2318 1012 2348 papa
1027 2307 1141 2345 XXIII,
1158 2311 1193 2339 ut
1208 2308 1369 2340 doctorum
1384 2309 1522 2340 virorum
1541 2310 1716 2350 patrocinio

213 2419 220 2434 ¹
242 2415 334 2444 Scard.
353 2413 454 2441 Verum
474 2420 507 2439 ne
990 2411 998 2427 ⁴
1018 2410 1100 2437 Forte
1119 2410 1195 2438 deest
1215 2410 1243 2437 in
1263 2411 1354 2439 Scard.
1376 2419 1401 2446 p.
1422 2411 1482 2445 169,
1498 2411 1526 2438 in
1546 2411 1715 2447 quibusdam.

212 2464 223 2479 ἵ
244 2461 286 2488 Ib.
307 2457 436 2486 videlicet
461 2456 488 2483 in
509 2454 710 2489 Decretalilms,
730 2455 756 2482 et
778 2462 861 2489 super
884 2454 940 2481 Cle·
1015 2462 1098 2482 senza
1117 2454 1149 2482 in
1168 2455 1222 2482 Pi).

238 2503 384 2537 mentinas,
403 2502 435 2529 de
455 2499 541 2528 Horis
558 2498 714 2534 Canonicis,
727 2498 852 2533 consilia,
867 2505 941 2533 repe·
988 2500 998 2515 Γ·
1018 2498 1059 2526 Ib.
1078 2499 1172 2526 essent
1191 2507 1307 2533 prorsus
1328 2500 1423 2528 sedulo

238 2549 404 2582 titionesque
424 2545 525 2578 varias,
551 2544 578 2570 et
603 2542 659 2571 alia
684 2543 772 2570 multa
796 2550 857 2577 quat
878 2543 937 2578 jam
985 2544 996 2560 <³
1014 2542 1109 2577 Usque
1123 2543 1176 2570 huc
1190 2543 1345 2578 Epistolam
1359 2544 1449 2572 exibet
1463 2545 1647 2575 Scardeonius
1667 2545 1714 2576 lib.

236 2592 340 2630 passim
360 2589 506 2623 divulgata
524 2588 591 2616 sunt
1011 2587 1052 2614 11.
1073 2586 1106 2614 cl.
1126 2588 1150 2615 S.
1170 2595 1196 2622 p.
1218 2587 1276 2617 170.

215 2642 226 2658 3
243 2638 285 2667 Ib.
304 2635 506 2672 plurimumque
988 2633 998 2649 ⁷
1017 2631 1072 2660 PP.
1093 2640 1193 2660 earum
1211 2631 1344 2661 Joamzes
