1845 3076
743 181 880 205 smsronn
1506 171 1563 202 111

57 276 124 307 ego,
145 266 229 307 quod
249 266 282 297 in
303 275 352 298 me
374 268 431 304 est,
453 265 573 297 nullam
594 265 768 297 intermitto
789 266 882 303 diem,
903 265 980 305 quin
998 266 1005 282 ¹
1027 264 1148 305 aliquid
1169 264 1208 295 de
1229 264 1350 304 graecis
1369 263 1479 304 legam.
1506 262 1567 294 Sed

54 323 134 354 illud
154 323 264 363 utique
278 325 310 354 et
324 323 464 363 praevidi
479 324 512 354 et
524 322 592 360 tibi,
611 322 636 353 si
656 322 824 353 meministi
845 332 943 362 quum
959 332 1039 354 esses
1055 322 1208 359 abiturus,
1230 320 1381 361 praedixi,
1397 323 1518 352 certum
1534 324 1567 353 te

53 382 238 414 habiturum
252 382 272 420 2,
292 382 318 413 si
337 382 413 413 illuc
426 382 510 419 isses
530 381 727 422 splendidum
749 382 852 414 locum
870 383 922 422 (ea
937 385 983 413 est
997 382 1082 413 illius
1097 382 1244 422 principis
1265 380 1429 422 φιλοτῖμιά
1444 382 1479 421 3),
1502 390 1568 412 esse

55 439 114 471 tibi
128 441 283 479 paratum.
304 438 393 478 Quod
409 439 454 470 ita
475 439 611 470 evenisse
631 439 762 480 gaudeo,
785 449 858 470 nam
872 442 905 470 et
925 439 1075 470 honorem
1096 439 1274 479 plurimum,
1289 442 1358 471 et..
1372 465 1378 471 .
1391 440 1401 456 ⁴
1423 449 1485 471 non
1507 438 1569 470 exi-

55 506 149 536 guam
170 495 287 527 habere
307 498 340 527 te
355 496 456 527 audio.
479 495 566 534 Quae
586 498 693 527 tamen
713 496 818 527 onmia
836 497 861 527 si
881 496 923 527 ad
943 496 1090 527 meritum
1111 499 1201 527 tuum
1223 500 1451 537 comparentur,
1472 495 1567 527 exilia

55 555 140 590 sunt,
162 553 340 593 nulliusque
361 553 519 584 momenti.
541 553 600 585 Sed
620 554 679 585 hoc
694 554 778 585 satis.
800 553 906 585 Pallas
923 555 970 585 est
990 553 1158 593 Bononiae,
1181 557 1217 585 ut
1239 564 1340 594 nuper
1360 554 1422 584 huc
1441 553 1568 585 veniens

55 610 171 650 accepi.
192 610 240 641 De
261 610 393 641 caeteris
413 612 520 641 autem
546 620 677 651 graecae
706 611 807 642 scolae
829 611 1021 642 consortibus
1049 611 1128 641 nihil
1152 611 1303 642 hactenus
1333 611 1476 651 comperi.
1504 610 1568 651 Ego

57 666 175 707 ubique
196 669 270 698 tuus
290 678 368 706 sum,
399 667 449 698 cui
469 667 642 706 plurimum
669 668 783 700 debere
805 679 854 700 me
876 669 985 707 sentio,
1017 678 1086 699 cum
1100 669 1111 685 ⁵
1137 668 1176 699 ob
1204 668 1379 698 doctrinam
1405 667 1567 707 insignem,

57 724 369 766 benevolentiamque
390 728 479 757 tuam
499 726 532 756 in
553 736 612 764 me,
635 738 706 759 cum
725 727 861 758 maxime
882 727 1003 758 ratione
1031 736 1171 757 summae
1193 725 1393 765 integritatis,
1418 725 1568 765 amplissi-

58 792 191 823 maeque
212 783 395 814 eruditionis
417 788 500 816 tuae.

730 1073 898 1104 LXXXIV.

444 1168 464 1199 J
466 1166 579 1198 OANN
583 1167 595 1197 Ι
617 1166 867 1198 BONONIENSl
887 1167 908 1198 J
912 1166 1030 1198 USTIN
1032 1167 1181 1199 OPOLIN

564 1250 691 1281 PADUAE,
713 1250 775 1272 xm
797 1250 864 1273 ΚΑΒ.
886 1251 964 1281 Νον.,
988 1243 1074 1274 1395.

306 1318 374 1354 (Br.
386 1326 418 1353 1).
439 1319 457 1345 4
471 1320 510 1352 t.‚·
530 1334 561 1337 —
586 1318 638 1346 Gr.
658 1327 679 1346 c.
699 1318 758 1352 23;
781 1335 812 1337 —
833 1317 904 1346 PM.
923 1326 945 1346 c.
964 1319 1005 1346 62
1020 1320 1059 1352 t.;
1080 1335 1111 1338 —
1131 1319 1194 1347 PP.
1214 1327 1242 1346 n.
1262 1320 1322 1355 42.)

143 1406 213 1438 Non
234 1407 390 1438 audebam
412 1407 500 1446 queri
523 1406 621 1446 (quod
642 1409 674 1437 et
695 1416 787 1446 saepe
809 1408 840 1437 et
860 1406 995 1437 multum
1016 1407 1094 1438 alias
1115 1407 1198 1447 feci),
1218 1418 1257 1438 ne
1277 1418 1400 1448 semper
1419 1407 1477 1439 tibi
1500 1418 1572 1448 que-

58 1464 148 1496 rulus
162 1464 293 1495 viderer.
314 1463 374 1495 Sed
389 1463 650 1494 intermissionem
672 1463 764 1493 istam
778 1463 958 1494 litterarum
979 1464 1235 1504 occupationibus
1256 1465 1318 1495 tuis
1331 1465 1435 1504 potius
1456 1466 1572 1505 quam⁶

58 1521 268 1563 negligentiae
288 1524 345 1552 aut
372 1521 530 1552 secordiae
550 1521 789 1552 adscribendam
817 1531 1007 1552 censueram.
1036 1521 1136 1552 Erant
1158 1522 1241 1553 enim
1266 1522 1367 1553 multa
1389 1524 1495 1562 quae⁷
1522 1533 1573 1555 me

56 1579 154 1620 magis
174 1580 335 1616 vexarent,
356 1578 457 1610 multa
476 1588 558 1618 quae
579 1578 733 1616 timerem,
758 1578 859 1609 multa
880 1588 960 1618 quae
981 1578 1127 1610 dolerem.
1150 1579 1296 1610 Dolerem
1311 1580 1438 1620 quidem
1460 1580 1573 1621 gravis-

58 1637 170 1668 simam
190 1636 314 1676 patriae
335 1635 457 1667 cladem
473 1638 504 1666 et
524 1637 703 1667 nostrorum
725 1635 839 1666 civium
853 1637 1161 1676 necessariorumque
1181 1637 1294 1668 crebra
1314 1636 1436 1675 funera,
1456 1639 1526 1669 tum
1541 1640 1574 1669 et

58 1693 138 1725 illud
158 1693 320 1733 imprimis,
341 1693 434 1733 quod,
456 1693 519 1724 sive
540 1693 702 1724 voluntate
723 1694 788 1730 tua,
803 1693 866 1725 sive
881 1693 901 1730 Β,
923 1696 959 1724 ut
978 1703 1170 1733 acceperam,
1191 1693 1309 1725 invitus
1331 1695 1419 1734 (nam
1439 1694 1518 1725 nihil
1532 1694 1573 1726 ad

57 1750 234 1791 periculum
255 1750 401 1790 interest)
420 1750 465 1782 ibi
486 1760 624 1788 maneas,
646 1760 749 1790 neque
775 1750 916 1790 pestiferi
937 1750 1015 1782 coeli
1036 1751 1156 1782 rabiem
1184 1751 1304 1782 timeas.
1333 1751 1396 1792 Ego
1417 1751 1509 1789 enim,
1537 1754 1574 1783 ut

58 1810 205 1849 parentes
218 1810 350 1846 taceam,
371 1817 449 1848 quos
469 1807 514 1838 ibi
528 1807 626 1848 magis
647 1808 815 1839 necessitas
829 1818 924 1848 quam
946 1807 1108 1839 consilium
1129 1808 1260 1847 detinet,
1282 1819 1344 1840 non
1358 1809 1468 1840 timere
1489 1809 1549 1841 tibi
1561 1809 1573 1826 ‘³

55 1875 118 1897 non
138 1875 272 1906 possum,
292 1875 386 1906 quem
400 1865 464 1896 scio
477 1865 535 1896 sub
556 1865 683 1896 turbido
699 1865 785 1897 coelo
805 1865 928 1906 degere,
951 1868 982 1897 et
997 1865 1094 1906 (quod
1113 1866 1329 1906 gravissimum
1350 1867 1490 1897 omnium
1510 1868 1572 1907 est)

59 1923 185 1955 assidua
205 1923 382 1955 visitatione
408 1922 594 1954 infectorum
616 1923 845 1963 languentium,
873 1924 967 1954 immo
988 1923 1197 1962 morientium,
1228 1924 1360 1955 lectulos
1386 1924 1521 1961 visitare,
1542 1927 1575 1955 et

58 1980 252 2021 contagiosas
273 1990 368 2012 auras
389 1980 497 2011 sedulo
518 1982 655 2020 captare.
677 1979 769 2017 Nam,
795 1982 831 2011 ut
851 1991 959 2012 verum
980 1980 1092 2018 fatear,
1120 1991 1183 2012 non
1203 1981 1305 2012 audeo
1325 1981 1513 2021 plerumque
1533 1981 1575 2012 ad

58 2041 91 2070 te
110 2038 256 2076 scribere,
276 2040 429 2076 metuens,
451 2038 484 2068 id
503 2048 553 2069 me
574 2038 692 2070 frustra
706 2039 728 2055 ¹⁰
753 2037 933 2076 facturum;
960 2039 1143 2079 quotiesque
1165 2049 1228 2070 non
1248 2039 1295 2070 ita
1317 2039 1507 2079 frequentes,
1536 2042 1574 2072 ut

59 2096 152 2134 soleo,
171 2096 294 2128 litteras
314 2098 386 2127 tuas
406 2096 504 2133 video,
526 2096 647 2127 malum
668 2095 745 2127 mihi
765 2106 853 2127 mens
873 2096 985 2127 timida
1004 2097 1171 2138 praesagit.
1194 2095 1279 2128 Num
1295 2097 1324 2136 ¹¹,
1346 2097 1431 2137 quod
1451 2096 1575 2138 placide

61 2154 219 2185 vobiscum
233 2156 340 2185 actum
350 2153 436 2191 dicis,
447 2155 616 2194 propterea
627 2153 710 2194 quod
723 2153 806 2185 inter
818 2155 988 2194 utrumque
999 2164 1108 2185 sexum
1120 2156 1151 2185 et
1164 2164 1288 2186 omnem
1298 2156 1436 2185 aetatem
1447 2157 1574 2186 centum

60 2210 214 2243 hactenus
234 2213 291 2242 aut
311 2221 374 2242 non
395 2211 495 2242 multo
514 2211 623 2252 plures
643 2211 776 2251 periere,
798 2211 954 2252 hujusque
967 2212 1014 2243 rei
1035 2221 1173 2249 causam,
1195 2211 1253 2243 etsi
1271 2211 1411 2243 nondum
1432 2221 1573 2251 cessasse,

72 2351 81 2368 ¹
102 2351 162 2379 PM.
182 2351 253 2386 qnid
271 2359 318 2386 per
336 2352 408 2386 quin
846 2353 857 2369 ὃ
878 2352 941 2379 Cosi
960 2351 1029 2380 Reff.
1048 2360 1062 2379 e
1082 2351 1146 2387 (ἕης
1174 2352 1250 2387 negli
1279 2352 1344 2380 altri
1369 2351 1456 2380 codici
1484 2352 1578 2388 maqz's

73 2396 86 2413 ²
102 2395 156 2423 Nei
175 2395 266 2424 codici
284 2395 386 2424 habere
403 2404 448 2424 me
873 2396 1109 2431 occupationibus
1128 2397 1186 2425 tuis
1204 2405 1291 2432 quam

74 2440 86 2457 ³
103 2439 156 2467 Nei
174 2439 261 2468 codici
280 2440 373 2475 spazio
393 2439 490 2468 bianco
848 2442 859 2459 ⁷
879 2440 924 2470 Gr.
944 2441 1092 2476 „mltaque

73 2483 85 2501 ⁴
103 2483 144 2512 La
160 2484 257 2519 parola
270 2493 360 2520 greca,
373 2485 482 2521 seguita
495 2485 530 2514 da
542 2485 635 2521 spazio
650 2486 679 2514 in
692 2486 801 2521 bianco,
850 2487 861 2503 s
881 2486 942 2514 PM.
960 2486 1022 2513 sine
1034 2507 1041 2514 .
1056 2507 1062 2514 .
1076 2508 1081 2514 .
1097 2509 1101 2514 .
1121 2485 1184 2514 sine

96 2536 153 2556 non
171 2530 185 2555 ὸ
203 2528 301 2557 scritta
320 2529 369 2556 che
387 2529 416 2557 in
436 2530 481 2557 ΒΓ.
494 2530 537 2564 88,
556 2538 601 2558 ma
619 2530 647 2558 in
662 2531 741 2559 modo
761 2531 799 2559 af·
851 2532 862 2548 ‘³
886 2530 997 2559 Timere
1016 2530 1113 2563 alicui,
1132 2530 1233 2558 temere
1252 2539 1300 2566 per
1318 2531 1418 2559 alcuno

97 2572 168 2601 fatto
199 2581 318 2602 erroneo.
346 2573 416 2602 Essa
447 2576 461 2602 ὸ
491 2574 565 2602 certo
597 2577 719 2611 σύνταξιν,
746 2575 801 2603 sti·
838 2576 859 2593 ¹0
878 2574 945 2603 Reff.
965 2577 1093 2602 metuens
1112 2583 1155 2603 me
1173 2576 1206 2602 ut
1225 2576 1355 2612 frustum
1376 2576 1436 2604 PM.
1456 2576 1502 2605 Br.
1522 2585 1576 2605 me-

100 2617 208 2652 pendio.
873 2621 957 2647 tuens
977 2619 1007 2647 id
1024 2627 1067 2647 me
1086 2618 1118 2646 id

77 2662 88 2680 ⁵
106 2661 160 2690 PP.
181 2664 241 2690 tum
841 2665 861 2682 ¹¹
881 2663 935 2692 Nci
953 2662 1039 2692 codici
1059 2663 1138 2692 Nam
