1845 3076
755 183 891 206 amsrom
1534 173 1573 203 93

68 265 199 296 invideo.
220 264 394 302 Caeterum,
416 265 497 305 quod
512 275 561 296 me
575 265 732 304 admones,
753 269 790 298 ut
805 267 885 307 juris
899 265 996 297 civilis
1008 266 1156 304 studium,
1177 265 1259 305 quod
1273 275 1375 297 meum
1397 264 1485 305 elegi,
1506 274 1574 305 pro-

66 332 189 362 sequar,
209 322 241 352 id
261 321 369 353 sedulo
389 321 477 359 facio,
506 332 567 353 non
588 323 670 362 quod
691 334 728 353 ex
750 333 795 360 eo,
817 326 852 354 ut
872 326 906 353 tu
928 323 981 360 vis,
1001 323 1042 354 ad
1063 323 1163 354 altum
1182 322 1333 362 optimum
1361 324 1480 353 statum
1502 331 1574 361 per-

65 380 232 410 venturum
254 389 302 410 me
322 382 378 410 aut
399 378 571 410 desiderem
585 382 640 410 aut
660 390 791 419 sperem,
811 379 864 411 sed
887 383 923 411 ut
942 390 980 411 ex
1002 380 1055 410 illo
1070 382 1100 411 et
1120 380 1231 411 melior
1244 383 1275 411 et
1296 379 1415 411 doctior
1435 379 1501 410 sim.
1518 379 1569 410 Ad

65 436 147 467 hanc
173 435 254 467 enim
283 439 449 476 utramque
471 446 537 467 rem
564 436 684 467 faciunt
704 436 874 474 doctrinae,
902 447 983 477 quae
1004 437 1042 467 de
1064 437 1201 468 moribus
1221 441 1304 468 sunt.
1337 437 1371 467 In
1393 446 1454 477 quo
1475 446 1571 476 quam

58 492 207 532 ·deinceps
228 492 387 532 proficiam
402 493 419 531 ¹,
446 493 478 523 id
504 493 613 525 nescio.
643 493 803 525 Hactenus
823 497 908 525 certe
936 494 1015 524 nihil
1044 494 1142 533 pudet
1161 498 1217 525 aut
1238 494 1377 533 poenitet
1399 493 1465 524 dati
1496 496 1573 525 tem-

65 550 156 590 poris.
183 549 262 580 Sunt
281 552 386 580 autem
413 550 514 581 multa
542 561 622 590 quae
650 551 729 582 bene
757 551 832 581 mihi
860 551 1056 591 promittant,
1078 569 1115 573 -—
1136 551 1273 591 primum
1302 550 1428 581 liberior
1449 551 1481 580 in
1503 549 1571 581 dies

63 606 196 643 animus,
217 609 249 638 et
268 607 448 646 propensior
469 607 593 639 virtutis
615 618 650 639 ac
671 608 835 638 literarum
857 618 941 644 cura,
964 626 1002 630 —
1023 607 1135 638 deinde
1155 618 1225 638 cum
1246 610 1442 638 caeterarum
1464 617 1571 638 rerum

61 664 152 703 copia
166 666 233 694 tum
248 664 380 695 maxime
396 664 556 695 librorum.
579 664 660 695 Nam
676 665 708 695 in
725 665 902 705 praeteritis
915 665 1034 701 studiis,
1057 675 1127 696 cum
1142 665 1188 695 his
1203 665 1306 701 rebus,
1321 674 1402 704 quae
1417 664 1456 695 ad
1473 664 1570 695 vitam

62 720 230 760 pertinent,
252 731 411 761 nunquam
432 722 666 759 abundaverim,
690 722 747 752 nisi
769 725 922 762 quantum
944 726 979 753 tu
1001 733 1038 753 ex
1059 732 1179 753 sumina
1205 721 1398 752 liberalitate
1418 721 1568 758 tribuisti,

62 787 155 817 saepe
175 777 269 808 etiam
290 778 330 808 ad
344 788 497 809 summam
511 779 646 818 inopiam
668 779 885 816 laboraverim,
907 779 1002 810 libros
1017 782 1122 810 tamen
1143 789 1314 818 numquam
1329 778 1387 808 nisi
1409 778 1571 817 praecario

63 834 190 874 possedi.
213 834 330 865 Horum
352 845 435 866 nunc
457 836 531 866 satis
548 846 602 875 pro
625 836 714 866 modo
737 836 909 867 studiorum
923 837 934 852 ²
959 836 1097 875 copiosus
1118 846 1197 869 sum,
1219 839 1249 866 et
1271 835 1397 875 quidem
1418 844 1569 871 meorum,

63 901 139 930 quos
153 893 163 907 ²³
184 891 327 922 dominus
339 891 527 923 Francis-cus
546 893 582 924 (le
603 893 789 928 Zabctrellis,
809 894 907 924 omnis
929 893 1053 924 virtutis
1068 904 1104 924 ac
1122 893 1271 924 bonitatis
1293 893 1458 932 specimen,
1481 892 1571 931 cujus

62 958 121 988 ope
141 949 261 980 dudum
281 952 445 987 sustentor,
467 960 522 980 suo
543 950 619 980 mihi
639 961 768 981 munere
789 950 930 981 contulit.
954 950 1039 980 Nihil
1058 950 1140 981 enim
1161 950 1220 981 sibi
1240 949 1374 980 remittit
1397 951 1502 988 (tanta
1523 951 1572 979 est

61 1005 95 1036 in
109 1005 232 1037 homine
246 1007 446 1047 benignitas),
467 1007 544 1037 nihil
559 1007 683 1047 refugit,
704 1008 779 1038 dum
797 1018 855 1044 me,
870 1018 926 1047 per
946 1011 1066 1038 rectum
1087 1008 1211 1038 virtutis
1227 1018 1263 1037 ac
1276 1007 1441 1037 literarum
1457 1005 1570 1036 callem

30 1063 34 1066 ’
62 1063 322 1103 proficiscentem,
341 1065 477 1105 adjuvet.
500 1063 566 1102 Quo
580 1065 599 1101 ⁴,
620 1068 714 1104 teque
735 1065 838 1102 simul,
859 1065 1026 1105 superstite
1039 1065 1059 1101 ⁵,
1081 1064 1206 1096 abunde
1227 1064 1303 1094 mihi
1324 1064 1428 1094 omnia
1455 1072 1569 1103 suppe-

61 1119 160 1151 titura
179 1130 279 1161 spero,
299 1124 334 1152 ut
351 1122 428 1161 jam,
449 1122 474 1152 si
496 1132 556 1152 non
577 1122 722 1160 didicero,
745 1122 823 1152 nihil
845 1122 920 1153 mihi
941 1122 1083 1157 defuisse,
1103 1122 1162 1152 nisi
1183 1121 1313 1153 animus.
1335 1121 1438 1161 possit.
1461 1120 1548 1151 Vale.

772 1577 880 1609 LXIX.

316 1671 619 1703 FRANCISCO
652 1670 879 1702 JUNIORI
913 1671 977 1701 DE
1013 1671 1316 1702 CARRARIA'·

568 1754 697 1783 PADUAE,
718 1754 736 1776 v
756 1754 795 1777 11).
819 1754 953 1782 AUGUSTI,
978 1746 1061 1776 1389.

152 1824 219 1860 (Br.
235 1832 266 1859 p.
285 1824 305 1850 7
320 1825 341 1856 ἡ·
361 1839 395 1843 —-
414 1822 498 1850 Ram.
516 1831 543 1856 p.
562 1822 653 1855 211&
674 1838 705 1840 -
730 1821 777 1849 Τν.
797 1822 815 1849 5
835 1830 862 1849 n.
881 1821 921 1853 8;
943 1838 973 1840 -
994 1821 1064 1849 PM.
1083 1830 1105 1849 c.
1123 1822 1163 1849 63
1177 1823 1215 1855 t.;
1236 1839 1267 1842 Ἀ
1288 1822 1350 1851 PP.
1370 1832 1397 1851 η.
1416 1823 1477 1852 32;

520 1875 554 1902 ed
571 1874 664 1909 Mur„
684 1874 719 1902 R.
739 1874 765 1902 1.
786 1874 815 1902 S.
835 1876 855 1901 t.
877 1874 964 1907 XVI,
983 1883 1004 1901 c.
1024 1875 1110 1909 228).

142 1966 258 2005 Magna
278 1967 325 1995 est
344 1963 478 1995 felicitas
506 1965 690 2002 temporum,
719 1972 816 2002 quum
844 1962 999 2002 principes
1031 1972 1068 1993 ea
1098 1963 1203 1993 studia
1223 1966 1407 2003 sequuntur,
1434 1975 1514 2004 quae
1537 1969 1570 1996 et

56 2023 209 2064 dignitati
222 2032 298 2054 suae
310 2021 444 2052 maxime
466 2020 652 2051 conveniunt
667 2022 698 2050 et
714 2019 843 2050 utilitati
863 2019 1061 2050 subditorum
1082 2022 1155 2050 sunt
1169 2021 1463 2053 accomodatissima⁴
1487 2022 1568 2054 Nam

63 2081 118 2121 qui
138 2090 245 2112 eorum
258 2082 315 2110 aut
329 2077 541 2118 voluptatibus
561 2076 730 2108 intendunt
746 2080 802 2107 aut
814 2077 966 2107 avaritiae
986 2076 1114 2108 student
1129 2079 1225 2116 (quae
1241 2088 1324 2109 nunc
1344 2081 1418 2109 sunt
1432 2079 1441 2095 ⁷
1462 2080 1567 2111 studia

62 2138 128 2170 fere
147 2137 323 2178 principum
343 2135 506 2173 omnium),
528 2144 590 2174 quo
611 2136 702 2174 pacto
724 2137 852 2173 possunt
873 2136 930 2164 aut
952 2144 1023 2164 cum
1042 2133 1135 2164 laude
1157 2134 1344 2174 dignitatem
1364 2146 1453 2167 suam
1476 2138 1566 2174 tueri,

63 2198 120 2227 aut
141 2197 332 2235 privatorum
353 2192 487 2223 utilitati
506 2194 590 2222 recte
610 2191 793 2222 consulere?
814 2191 879 2221 Aut
892 2191 975 2221 enim
997 2191 1073 2221 luxu
1094 2191 1209 2231 perditi
1224 2201 1257 2223 se
1277 2202 1429 2233 suamque
1450 2194 1567 2226 famam

62 2252 233 2293 negligunt,
255 2253 311 2282 aut
331 2249 459 2281 adducti
486 2248 658 2288 cupiditate
685 2248 799 2289 injuste
821 2248 955 2278 alienam
975 2248 1183 2278 substantiam
1208 2248 1370 2288 diripiunt.
1394 2250 1498 2282 Unum
1520 2253 1569 2282 est

63 2311 179 2346 autem,
199 2307 482 2348 praeclarissimum
502 2305 675 2345 sapientiae
695 2305 844 2342 studium,
860 2304 944 2345 quod
965 2305 1120 2344 principes
1147 2306 1280 2336 maxime
1302 2307 1491 2347 proprieque
1517 2308 1568 2340 de-

63 2369 142 2398 ceat.
174 2365 264 2396 Unde
296 2367 327 2396 et
359 2364 510 2394 virtutum
539 2362 641 2393 cultus
672 2362 821 2399 nascitur,
849 2365 881 2393 et
912 2362 1026 2402 peritia
1058 2362 1193 2393 habetur
1223 2373 1329 2393 rerum
1349 2364 1360 2380 ⁸
1392 2365 1567 2404 cognitione

74 2460 82 2476 ¹
103 2459 158 2486 ΡΙ).
176 2466 259 2492 quem
272 2457 427 2492 proficiam
446 2456 576 2490 deinceps
845 2456 856 2471 ’ἶ
875 2454 937 2482 Cosi
958 2455 1001 2481 ΒΓ.
1022 2455 1082 2482 PM.
1101 2462 1114 2481 e
1135 2454 1210 2481 Ram.

72 2505 83 2521 '³
102 2502 169 2530 Reff.
188 2503 235 2530 Gr.
248 2510 305 2537 pro
323 2509 383 2528 meo
401 2500 496 2528 studio
846 2500 856 2516 ⁷
876 2499 930 2526 PP.
949 2507 1029 2526 senza
1049 2507 1144 2532 nunc,
1165 2499 1241 2527 Ram.
1254 2508 1332 2528 nunc
1348 2503 1433 2537 sunt3
1452 2503 1492 2538 gli
1505 2504 1572 2532 altri

73 2548 84 2565 ³
104 2547 158 2574 ΡΙ).
177 2546 253 2582 quod
870 2544 940 2570 sunt
956 2551 1033 2570 nnnc

73 2592 83 2608 ⁴
102 2591 149 2618 Gr.
168 2599 224 2625 qno
242 2598 256 2617 e
273 2597 329 2624 quc
843 2588 853 2604 ⁸
874 2587 949 2614 Ram.
970 2586 1090 2614 hahetur
1110 2595 1223 2622 rerum3
1250 2588 1289 2624 gli
1308 2589 1374 2617 altri
1394 2599 1491 2619 rerum
1518 2592 1569 2621 ka-

75 2636 86 2654 5
105 2635 158 2662 PP.
179 2633 342 2669 superstites
870 2631 952 2658 betur
