<?xml version="1.0" encoding="UTF-8"?>
<!DOCTYPE html PUBLIC "-//W3C//DTD XHTML 1.0 Transitional//EN"
    "http://www.w3.org/TR/xhtml1/DTD/xhtml1-transitional.dtd">
<html xmlns="http://www.w3.org/1999/xhtml" xml:lang="en" lang="en">
 <head>
  <title>
</title>
<meta http-equiv="Content-Type" content="text/html;charset=utf-8" />
  <meta name='ocr-system' content='tesseract 3.04.00' />
  <meta name='ocr-capabilities' content='ocr_page ocr_carea ocr_par ocr_line ocrx_word'/>
</head>
<body>
  <div class='ocr_page' id='page_1' title='image "./epistole00verguoft_0187.png"; bbox 0 0 1845 3076; ppageno 0'>
   <div class='ocr_carea' id='block_1_1' title="bbox 752 174 1571 206">
    <p class='ocr_par' dir='ltr' id='par_1_1' title="bbox 752 174 1571 206">
     <span class='ocr_line' id='line_1_1' title="bbox 752 174 1571 206; baseline 0 -2"><span class='ocrx_word' id='word_1_1' title='bbox 752 182 889 206; x_wconf 67' lang='lat' dir='ltr'>srisrom</span> <span class='ocrx_word' id='word_1_2' title='bbox 1515 174 1571 205; x_wconf 87' lang='grc'>119</span> 
     </span>
    </p>
   </div>
   <div class='ocr_carea' id='block_1_2' title="bbox 738 338 905 370">
    <p class='ocr_par' dir='ltr' id='par_1_2' title="bbox 738 338 905 370">
     <span class='ocr_line' id='line_1_2' title="bbox 738 338 905 370; baseline 0.012 -2"><span class='ocrx_word' id='word_1_3' title='bbox 738 338 905 370; x_wconf 84' lang='lat' dir='ltr'>LXXXVI.</span> 
     </span>
    </p>
   </div>
   <div class='ocr_carea' id='block_1_3' title="bbox 344 428 1301 467">
    <p class='ocr_par' dir='ltr' id='par_1_3' title="bbox 344 428 1301 467">
     <span class='ocr_line' id='line_1_3' title="bbox 344 428 1301 467; baseline 0.003 -8"><span class='ocrx_word' id='word_1_4' title='bbox 344 428 552 460; x_wconf 80' lang='lat' dir='ltr'>VERGERIO</span> <span class='ocrx_word' id='word_1_5' title='bbox 574 429 628 460; x_wconf 77' lang='lat' dir='ltr'>DE</span> <span class='ocrx_word' id='word_1_6' title='bbox 650 428 878 467; x_wconf 77' lang='lat' dir='ltr'>VERGERHS,</span> <span class='ocrx_word' id='word_1_7' title='bbox 901 428 1098 461; x_wconf 80' lang='lat' dir='ltr'>GENITORI</span> <span class='ocrx_word' id='word_1_8' title='bbox 1119 430 1193 461; x_wconf 82' lang='lat' dir='ltr'>SUO</span> <span class='ocrx_word' id='word_1_9' title='bbox 1215 430 1246 462; x_wconf 83' lang='lat' dir='ltr'>S.</span> <span class='ocrx_word' id='word_1_10' title='bbox 1266 431 1301 462; x_wconf 90' lang='lat' dir='ltr'>D.</span> 
     </span>
    </p>
   </div>
   <div class='ocr_carea' id='block_1_4' title="bbox 538 506 1102 543">
    <p class='ocr_par' dir='ltr' id='par_1_4' title="bbox 538 506 1102 543">
     <span class='ocr_line' id='line_1_4' title="bbox 538 506 1102 543; baseline 0.004 -9"><span class='ocrx_word' id='word_1_11' title='bbox 538 512 667 541; x_wconf 65' lang='grc'><strong>61116111,</strong></span> <span class='ocrx_word' id='word_1_12' title='bbox 689 512 787 535; x_wconf 75' lang='lat' dir='ltr'><strong>PRIDIE</strong></span> <span class='ocrx_word' id='word_1_13' title='bbox 809 513 876 536; x_wconf 70' lang='lat' dir='ltr'>KAL.</span> <span class='ocrx_word' id='word_1_14' title='bbox 899 513 968 543; x_wconf 61' lang='lat' dir='ltr'>ocr„</span> <span class='ocrx_word' id='word_1_15' title='bbox 992 506 1069 536; x_wconf 79' lang='lat'>1396</span> <span class='ocrx_word' id='word_1_16' title='bbox 1084 506 1102 536; x_wconf 89' lang='lat'>¹.</span> 
     </span>
    </p>
   </div>
   <div class='ocr_carea' id='block_1_5' title="bbox 73 579 1573 616">
    <p class='ocr_par' dir='ltr' id='par_1_5' title="bbox 73 579 1573 616">
     <span class='ocr_line' id='line_1_5' title="bbox 73 579 1573 616; baseline 0.002 -10"><span class='ocrx_word' id='word_1_17' title='bbox 73 579 178 614; x_wconf 64' lang='grc' dir='ltr'><em>(Ην-,μ</em></span> <span class='ocrx_word' id='word_1_18' title='bbox 192 579 249 613; x_wconf 86' lang='grc'><strong>18,·</strong></span> <span class='ocrx_word' id='word_1_19' title='bbox 264 596 295 598; x_wconf 90' lang='grc'>-</span> <span class='ocrx_word' id='word_1_20' title='bbox 311 579 436 614; x_wconf 63' lang='lat' dir='ltr'>Ramp.</span> <span class='ocrx_word' id='word_1_21' title='bbox 451 579 508 612; x_wconf 83' lang='lat'>59;</span> <span class='ocrx_word' id='word_1_22' title='bbox 523 595 554 598; x_wconf 78' lang='grc'>-</span> <span class='ocrx_word' id='word_1_23' title='bbox 574 580 625 606; x_wconf 80' lang='lat' dir='ltr'>Gr.</span> <span class='ocrx_word' id='word_1_24' title='bbox 640 587 668 607; x_wconf 78' lang='lat' dir='ltr'>n.</span> <span class='ocrx_word' id='word_1_25' title='bbox 681 580 739 612; x_wconf 68' lang='lat'>.1,‘1;</span> <span class='ocrx_word' id='word_1_26' title='bbox 754 596 785 599; x_wconf 90' lang='lat'>—</span> <span class='ocrx_word' id='word_1_27' title='bbox 801 579 871 607; x_wconf 77' lang='lat' dir='ltr'>PM.</span> <span class='ocrx_word' id='word_1_28' title='bbox 886 588 908 607; x_wconf 83' lang='lat' dir='ltr'>c.</span> <span class='ocrx_word' id='word_1_29' title='bbox 922 580 978 613; x_wconf 61' lang='lat'>8¹1,-</span> <span class='ocrx_word' id='word_1_30' title='bbox 994 596 1025 599; x_wconf 86' lang='lat'>——</span> <span class='ocrx_word' id='word_1_31' title='bbox 1040 580 1102 608; x_wconf 80' lang='grc' dir='ltr'><strong>ΡΡ.</strong></span> <span class='ocrx_word' id='word_1_32' title='bbox 1117 589 1144 608; x_wconf 69' lang='grc' dir='ltr'>ιι.</span> <span class='ocrx_word' id='word_1_33' title='bbox 1159 580 1216 609; x_wconf 80' lang='grc'>59,·</span> <span class='ocrx_word' id='word_1_34' title='bbox 1231 597 1262 599; x_wconf 91' lang='grc'>-</span> <span class='ocrx_word' id='word_1_35' title='bbox 1278 581 1312 608; x_wconf 69' lang='grc' dir='ltr'>6ιῖ</span> <span class='ocrx_word' id='word_1_36' title='bbox 1326 581 1457 609; x_wconf 61' lang='lat' dir='ltr'>salmam</span> <span class='ocrx_word' id='word_1_37' title='bbox 1473 582 1573 616; x_wconf 73' lang='lat'><em>1767.)</em></span> 
     </span>
    </p>
   </div>
   <div class='ocr_carea' id='block_1_6' title="bbox 59 666 1587 2255">
    <p class='ocr_par' dir='ltr' id='par_1_6' title="bbox 59 666 1587 2255">
     <span class='ocr_line' id='line_1_6' title="bbox 143 666 1580 707; baseline 0.001 -10"><span class='ocrx_word' id='word_1_38' title='bbox 143 666 214 698; x_wconf 92' lang='lat' dir='ltr'>Non</span> <span class='ocrx_word' id='word_1_39' title='bbox 243 669 292 697; x_wconf 88' lang='lat' dir='ltr'>est</span> <span class='ocrx_word' id='word_1_40' title='bbox 312 667 352 697; x_wconf 89' lang='lat' dir='ltr'>de</span> <span class='ocrx_word' id='word_1_41' title='bbox 380 677 445 707; x_wconf 89' lang='lat' dir='ltr'>qua</span> <span class='ocrx_word' id='word_1_42' title='bbox 464 677 498 698; x_wconf 87' lang='lat' dir='ltr'>re</span> <span class='ocrx_word' id='word_1_43' title='bbox 522 666 720 707; x_wconf 79' lang='lat' dir='ltr'>jucundius²</span> <span class='ocrx_word' id='word_1_44' title='bbox 748 677 840 706; x_wconf 78' lang='lat' dir='ltr'>agere</span> <span class='ocrx_word' id='word_1_45' title='bbox 869 670 973 698; x_wconf 86' lang='lat' dir='ltr'>tecum</span> <span class='ocrx_word' id='word_1_46' title='bbox 1002 667 1094 699; x_wconf 89' lang='lat' dir='ltr'>hodie</span> <span class='ocrx_word' id='word_1_47' title='bbox 1121 668 1247 707; x_wconf 83' lang='lat' dir='ltr'>possim,</span> <span class='ocrx_word' id='word_1_48' title='bbox 1275 679 1370 707; x_wconf 82' lang='lat' dir='ltr'>quam</span> <span class='ocrx_word' id='word_1_49' title='bbox 1392 671 1427 698; x_wconf 89' lang='grc'>111</span> <span class='ocrx_word' id='word_1_50' title='bbox 1448 669 1580 699; x_wconf 78' lang='lat' dir='ltr'>invicem</span> 
     </span>
     <span class='ocr_line' id='line_1_7' title="bbox 63 723 1581 764; baseline 0.001 -10"><span class='ocrx_word' id='word_1_51' title='bbox 63 723 174 754; x_wconf 82' lang='lat' dir='ltr'>laudes</span> <span class='ocrx_word' id='word_1_52' title='bbox 195 726 226 754; x_wconf 84' lang='lat' dir='ltr'>et</span> <span class='ocrx_word' id='word_1_53' title='bbox 248 723 362 754; x_wconf 85' lang='lat' dir='ltr'>merita</span> <span class='ocrx_word' id='word_1_54' title='bbox 384 724 411 754; x_wconf 71' lang='lat' dir='ltr'>S.</span> <span class='ocrx_word' id='word_1_55' title='bbox 428 723 620 764; x_wconf 68' lang='lat' dir='ltr'>Hieronymi,</span> <span class='ocrx_word' id='word_1_56' title='bbox 641 723 731 763; x_wconf 87' lang='lat' dir='ltr'>cujus</span> <span class='ocrx_word' id='word_1_57' title='bbox 753 723 830 755; x_wconf 89' lang='lat' dir='ltr'>haec</span> <span class='ocrx_word' id='word_1_58' title='bbox 851 724 917 754; x_wconf 85' lang='lat' dir='ltr'>(lies</span> <span class='ocrx_word' id='word_1_59' title='bbox 937 724 1052 755; x_wconf 85' lang='lat' dir='ltr'>natalis</span> <span class='ocrx_word' id='word_1_60' title='bbox 1067 724 1157 755; x_wconf 79' lang='lat' dir='ltr'>adest</span> <span class='ocrx_word' id='word_1_61' title='bbox 1178 735 1443 764; x_wconf 67' lang='lat' dir='ltr'>1·e(·‹·g110sca1nuS.</span> <span class='ocrx_word' id='word_1_62' title='bbox 1460 725 1581 756; x_wconf 60' lang='lat' dir='ltr'>Vellem</span> 
     </span>
     <span class='ocr_line' id='line_1_8' title="bbox 61 780 1581 821; baseline 0.001 -10"><span class='ocrx_word' id='word_1_63' title='bbox 61 780 170 821; x_wconf 85' lang='lat' dir='ltr'>dignos</span> <span class='ocrx_word' id='word_1_64' title='bbox 192 781 228 817; x_wconf 85' lang='lat' dir='ltr'>ei,</span> <span class='ocrx_word' id='word_1_65' title='bbox 250 791 306 820; x_wconf 88' lang='lat' dir='ltr'>pro</span> <span class='ocrx_word' id='word_1_66' title='bbox 327 781 495 812; x_wconf 84' lang='lat' dir='ltr'>sanctitate</span> <span class='ocrx_word' id='word_1_67' title='bbox 517 781 598 811; x_wconf 82' lang='lat' dir='ltr'>vitae</span> <span class='ocrx_word' id='word_1_68' title='bbox 621 791 657 811; x_wconf 78' lang='lat' dir='ltr'>ac</span> <span class='ocrx_word' id='word_1_69' title='bbox 678 780 875 820; x_wconf 80' lang='lat' dir='ltr'>plenitudine</span> <span class='ocrx_word' id='word_1_70' title='bbox 898 782 1092 817; x_wconf 84' lang='lat' dir='ltr'>meritorum,</span> <span class='ocrx_word' id='word_1_71' title='bbox 1113 781 1222 812; x_wconf 79' lang='lat' dir='ltr'>titulos</span> <span class='ocrx_word' id='word_1_72' title='bbox 1243 792 1330 821; x_wconf 56' lang='lat' dir='ltr'>posse</span> <span class='ocrx_word' id='word_1_73' title='bbox 1354 782 1504 817; x_wconf 70' lang='lat' dir='ltr'>rccldere·,</span> <span class='ocrx_word' id='word_1_74' title='bbox 1527 782 1581 813; x_wconf 66' lang='lat' dir='ltr'>sed</span> 
     </span>
     <span class='ocr_line' id='line_1_9' title="bbox 63 838 1585 878; baseline 0 -9"><span class='ocrx_word' id='word_1_75' title='bbox 63 840 238 877; x_wconf 76' lang='lat' dir='ltr'>exuperant</span> <span class='ocrx_word' id='word_1_76' title='bbox 260 848 310 869; x_wconf 88' lang='lat' dir='ltr'>res</span> <span class='ocrx_word' id='word_1_77' title='bbox 331 838 504 868; x_wconf 84' lang='lat' dir='ltr'>orationem</span> <span class='ocrx_word' id='word_1_78' title='bbox 520 848 631 874; x_wconf 84' lang='lat' dir='ltr'>meam,</span> <span class='ocrx_word' id='word_1_79' title='bbox 653 848 710 868; x_wconf 89' lang='lat' dir='ltr'>nec</span> <span class='ocrx_word' id='word_1_80' title='bbox 731 838 904 869; x_wconf 83' lang='lat' dir='ltr'>orationem</span> <span class='ocrx_word' id='word_1_81' title='bbox 919 841 1055 875; x_wconf 80' lang='lat' dir='ltr'>tantum,</span> <span class='ocrx_word' id='word_1_82' title='bbox 1077 838 1139 869; x_wconf 90' lang='lat' dir='ltr'>imo</span> <span class='ocrx_word' id='word_1_83' title='bbox 1156 849 1227 869; x_wconf 86' lang='lat' dir='ltr'>vero</span> <span class='ocrx_word' id='word_1_84' title='bbox 1242 842 1274 869; x_wconf 87' lang='lat' dir='ltr'>et</span> <span class='ocrx_word' id='word_1_85' title='bbox 1291 842 1495 878; x_wconf 76' lang='lat' dir='ltr'>conceptum:</span> <span class='ocrx_word' id='word_1_86' title='bbox 1518 842 1585 869; x_wconf 80' lang='lat' dir='ltr'>tan-</span> 
     </span>
     <span class='ocr_line' id='line_1_10' title="bbox 62 895 1579 936; baseline 0 -10"><span class='ocrx_word' id='word_1_87' title='bbox 62 897 195 934; x_wconf 84' lang='lat' dir='ltr'>tumque</span> <span class='ocrx_word' id='word_1_88' title='bbox 217 895 314 934; x_wconf 85' lang='lat' dir='ltr'>abest,</span> <span class='ocrx_word' id='word_1_89' title='bbox 337 897 373 925; x_wconf 88' lang='lat' dir='ltr'>ut</span> <span class='ocrx_word' id='word_1_90' title='bbox 388 895 544 935; x_wconf 80' lang='lat' dir='ltr'>explicare</span> <span class='ocrx_word' id='word_1_91' title='bbox 566 895 658 935; x_wconf 84' lang='lat' dir='ltr'>digne</span> <span class='ocrx_word' id='word_1_92' title='bbox 679 895 791 934; x_wconf 81' lang='lat' dir='ltr'>possim</span> <span class='ocrx_word' id='word_1_93' title='bbox 812 906 894 935; x_wconf 87' lang='lat' dir='ltr'>quae</span> <span class='ocrx_word' id='word_1_94' title='bbox 909 895 948 926; x_wconf 91' lang='grc'>(16</span> <span class='ocrx_word' id='word_1_95' title='bbox 963 896 1178 936; x_wconf 80' lang='lat' dir='ltr'>magnitudine</span> <span class='ocrx_word' id='word_1_96' title='bbox 1201 896 1267 935; x_wconf 81' lang='lat' dir='ltr'>ejus</span> <span class='ocrx_word' id='word_1_97' title='bbox 1282 896 1410 926; x_wconf 78' lang='lat' dir='ltr'>virtutis</span> <span class='ocrx_word' id='word_1_98' title='bbox 1432 896 1579 935; x_wconf 77' lang='lat' dir='ltr'>concipio,</span> 
     </span>
     <span class='ocr_line' id='line_1_11' title="bbox 63 952 1581 993; baseline 0.001 -11"><span class='ocrx_word' id='word_1_99' title='bbox 63 954 220 992; x_wconf 88' lang='lat' dir='ltr'>quantum</span> <span class='ocrx_word' id='word_1_100' title='bbox 243 955 278 983; x_wconf 87' lang='lat' dir='ltr'>ut</span> <span class='ocrx_word' id='word_1_101' title='bbox 300 952 391 992; x_wconf 81' lang='lat' dir='ltr'>plene</span> <span class='ocrx_word' id='word_1_102' title='bbox 414 953 586 992; x_wconf 72' lang='lat' dir='ltr'>concipiam</span> <span class='ocrx_word' id='word_1_103' title='bbox 608 963 689 992; x_wconf 85' lang='lat' dir='ltr'>quae</span> <span class='ocrx_word' id='word_1_104' title='bbox 710 952 877 993; x_wconf 78' lang='lat' dir='ltr'>magnifica</span> <span class='ocrx_word' id='word_1_105' title='bbox 898 953 937 983; x_wconf 84' lang='lat' dir='ltr'>(le</span> <span class='ocrx_word' id='word_1_106' title='bbox 958 963 993 984; x_wconf 91' lang='lat' dir='ltr'>eo</span> <span class='ocrx_word' id='word_1_107' title='bbox 1013 956 1094 984; x_wconf 91' lang='lat' dir='ltr'>sunt.</span> <span class='ocrx_word' id='word_1_108' title='bbox 1117 953 1156 984; x_wconf 86' lang='lat' dir='ltr'>Et</span> <span class='ocrx_word' id='word_1_109' title='bbox 1178 953 1314 992; x_wconf 84' lang='lat' dir='ltr'>quidem,</span> <span class='ocrx_word' id='word_1_110' title='bbox 1335 953 1419 992; x_wconf 84' lang='lat' dir='ltr'>quod</span> <span class='ocrx_word' id='word_1_111' title='bbox 1440 954 1480 983; x_wconf 83' lang='lat' dir='ltr'>ad</span> <span class='ocrx_word' id='word_1_112' title='bbox 1503 953 1581 984; x_wconf 86' lang='lat' dir='ltr'>fidei</span> 
     </span>
     <span class='ocr_line' id='line_1_12' title="bbox 62 1009 1580 1050; baseline 0.001 -10"><span class='ocrx_word' id='word_1_113' title='bbox 62 1011 187 1041; x_wconf 87' lang='lat' dir='ltr'>nostrae</span> <span class='ocrx_word' id='word_1_114' title='bbox 202 1009 385 1049; x_wconf 80' lang='lat' dir='ltr'>religionem</span> <span class='ocrx_word' id='word_1_115' title='bbox 407 1010 530 1045; x_wconf 83' lang='lat' dir='ltr'>attinet,</span> <span class='ocrx_word' id='word_1_116' title='bbox 547 1010 573 1041; x_wconf 79' lang='lat' dir='ltr'>si</span> <span class='ocrx_word' id='word_1_117' title='bbox 589 1013 713 1041; x_wconf 77' lang='lat' dir='ltr'>sanctos</span> <span class='ocrx_word' id='word_1_118' title='bbox 733 1020 838 1041; x_wconf 74' lang='lat' dir='ltr'>omnes</span> <span class='ocrx_word' id='word_1_119' title='bbox 854 1011 1078 1050; x_wconf 70' lang='lat' dir='ltr'>percurrimus,</span> <span class='ocrx_word' id='word_1_120' title='bbox 1101 1021 1235 1050; x_wconf 88' lang='lat' dir='ltr'>quorum</span> <span class='ocrx_word' id='word_1_121' title='bbox 1251 1010 1373 1041; x_wconf 84' lang='lat' dir='ltr'>celebre</span> <span class='ocrx_word' id='word_1_122' title='bbox 1394 1021 1507 1041; x_wconf 88' lang='lat' dir='ltr'>nomen</span> <span class='ocrx_word' id='word_1_123' title='bbox 1524 1015 1580 1047; x_wconf 79' lang='lat' dir='ltr'>est,</span> 
     </span>
     <span class='ocr_line' id='line_1_13' title="bbox 61 1067 1581 1108; baseline 0.001 -11"><span class='ocrx_word' id='word_1_124' title='bbox 61 1077 177 1107; x_wconf 87' lang='lat' dir='ltr'>paucos</span> <span class='ocrx_word' id='word_1_125' title='bbox 198 1067 400 1104; x_wconf 80' lang='lat' dir='ltr'>inveniemus,</span> <span class='ocrx_word' id='word_1_126' title='bbox 422 1068 476 1107; x_wconf 89' lang='lat' dir='ltr'>qui</span> <span class='ocrx_word' id='word_1_127' title='bbox 498 1070 553 1098; x_wconf 83' lang='lat' dir='ltr'>aut</span> <span class='ocrx_word' id='word_1_128' title='bbox 574 1067 685 1098; x_wconf 90' lang='lat' dir='ltr'>merito</span> <span class='ocrx_word' id='word_1_129' title='bbox 706 1067 832 1098; x_wconf 83' lang='lat' dir='ltr'>virtutis</span> <span class='ocrx_word' id='word_1_130' title='bbox 853 1070 911 1098; x_wconf 89' lang='lat' dir='ltr'>aut</span> <span class='ocrx_word' id='word_1_131' title='bbox 926 1068 1102 1107; x_wconf 81' lang='lat' dir='ltr'>cognitione</span> <span class='ocrx_word' id='word_1_132' title='bbox 1123 1068 1289 1099; x_wconf 84' lang='lat' dir='ltr'>literarum</span> <span class='ocrx_word' id='word_1_133' title='bbox 1312 1068 1477 1108; x_wconf 80' lang='lat' dir='ltr'>attigerint</span> <span class='ocrx_word' id='word_1_134' title='bbox 1488 1069 1508 1105; x_wconf 77' lang='lat'>³,</span> <span class='ocrx_word' id='word_1_135' title='bbox 1530 1078 1581 1099; x_wconf 92' lang='lat' dir='ltr'>ne-</span> 
     </span>
     <span class='ocr_line' id='line_1_14' title="bbox 63 1123 1584 1165; baseline 0.001 -11"><span class='ocrx_word' id='word_1_136' title='bbox 63 1123 179 1155; x_wconf 89' lang='lat' dir='ltr'>minem</span> <span class='ocrx_word' id='word_1_137' title='bbox 202 1127 286 1155; x_wconf 91' lang='lat' dir='ltr'>certe</span> <span class='ocrx_word' id='word_1_138' title='bbox 299 1124 318 1162; x_wconf 76' lang='lat'>⁴,</span> <span class='ocrx_word' id='word_1_139' title='bbox 341 1127 377 1154; x_wconf 92' lang='lat' dir='ltr'>ut</span> <span class='ocrx_word' id='word_1_140' title='bbox 391 1135 447 1164; x_wconf 84' lang='lat' dir='ltr'>ego</span> <span class='ocrx_word' id='word_1_141' title='bbox 469 1124 615 1161; x_wconf 75' lang='lat' dir='ltr'>arbitror,</span> <span class='ocrx_word' id='word_1_142' title='bbox 631 1125 686 1164; x_wconf 82' lang='lat' dir='ltr'>qui</span> <span class='ocrx_word' id='word_1_143' title='bbox 709 1125 873 1156; x_wconf 81' lang='lat' dir='ltr'>excesserit</span> <span class='ocrx_word' id='word_1_144' title='bbox 884 1125 903 1155; x_wconf 95' lang='grc'>5.</span> <span class='ocrx_word' id='word_1_145' title='bbox 925 1124 955 1155; x_wconf 83' lang='lat' dir='ltr'>Si</span> <span class='ocrx_word' id='word_1_146' title='bbox 976 1125 1059 1155; x_wconf 90' lang='lat' dir='ltr'>enim</span> <span class='ocrx_word' id='word_1_147' title='bbox 1080 1124 1269 1155; x_wconf 83' lang='lat' dir='ltr'>soliditatem</span> <span class='ocrx_word' id='word_1_148' title='bbox 1285 1124 1359 1156; x_wconf 88' lang='lat' dir='ltr'>fidei</span> <span class='ocrx_word' id='word_1_149' title='bbox 1379 1125 1507 1165; x_wconf 85' lang='lat' dir='ltr'>speique</span> <span class='ocrx_word' id='word_1_150' title='bbox 1522 1135 1584 1156; x_wconf 89' lang='lat' dir='ltr'>cer-</span> 
     </span>
     <span class='ocr_line' id='line_1_15' title="bbox 62 1181 1584 1222; baseline 0.001 -11"><span class='ocrx_word' id='word_1_151' title='bbox 62 1181 232 1212; x_wconf 80' lang='lat' dir='ltr'>titudinem</span> <span class='ocrx_word' id='word_1_152' title='bbox 253 1181 285 1212; x_wconf 93' lang='lat' dir='ltr'>in</span> <span class='ocrx_word' id='word_1_153' title='bbox 308 1192 343 1212; x_wconf 91' lang='lat' dir='ltr'>eo</span> <span class='ocrx_word' id='word_1_154' title='bbox 358 1182 549 1221; x_wconf 82' lang='lat' dir='ltr'>quaerimus,</span> <span class='ocrx_word' id='word_1_155' title='bbox 565 1181 644 1212; x_wconf 83' lang='lat' dir='ltr'>nihil</span> <span class='ocrx_word' id='word_1_156' title='bbox 666 1184 712 1213; x_wconf 92' lang='lat' dir='ltr'>est</span> <span class='ocrx_word' id='word_1_157' title='bbox 732 1192 828 1222; x_wconf 89' lang='lat' dir='ltr'>supra</span> <span class='ocrx_word' id='word_1_158' title='bbox 841 1182 861 1219; x_wconf 62' lang='grc' dir='ltr'>ὓ,</span> <span class='ocrx_word' id='word_1_159' title='bbox 881 1182 906 1212; x_wconf 84' lang='grc'>61</span> <span class='ocrx_word' id='word_1_160' title='bbox 923 1182 1064 1212; x_wconf 83' lang='lat' dir='ltr'>caritatis</span> <span class='ocrx_word' id='word_1_161' title='bbox 1086 1182 1249 1219; x_wconf 78' lang='lat' dir='ltr'>fervorem,</span> <span class='ocrx_word' id='word_1_162' title='bbox 1270 1192 1360 1213; x_wconf 89' lang='lat' dir='ltr'>nemo</span> <span class='ocrx_word' id='word_1_163' title='bbox 1376 1182 1430 1213; x_wconf 91' lang='lat' dir='ltr'>illo</span> <span class='ocrx_word' id='word_1_164' title='bbox 1451 1182 1584 1222; x_wconf 82' lang='lat' dir='ltr'>flagran-</span> 
     </span>
     <span class='ocr_line' id='line_1_16' title="bbox 62 1237 1580 1280; baseline 0.001 -11"><span class='ocrx_word' id='word_1_165' title='bbox 62 1237 125 1270; x_wconf 87' lang='lat' dir='ltr'>tior</span> <span class='ocrx_word' id='word_1_166' title='bbox 139 1239 158 1268; x_wconf 67' lang='grc'><strong>7.</strong></span> <span class='ocrx_word' id='word_1_167' title='bbox 180 1238 396 1269; x_wconf 86' lang='lat' dir='ltr'>Praedicando</span> <span class='ocrx_word' id='word_1_168' title='bbox 412 1238 472 1269; x_wconf 86' lang='lat' dir='ltr'>fuit</span> <span class='ocrx_word' id='word_1_169' title='bbox 487 1238 653 1278; x_wconf 89' lang='lat' dir='ltr'>apostolus,</span> <span class='ocrx_word' id='word_1_170' title='bbox 669 1239 862 1279; x_wconf 80' lang='lat' dir='ltr'>evangelista</span> <span class='ocrx_word' id='word_1_171' title='bbox 876 1239 1051 1275; x_wconf 87' lang='lat' dir='ltr'>scribendo,</span> <span class='ocrx_word' id='word_1_172' title='bbox 1065 1239 1220 1270; x_wconf 81' lang='lat' dir='ltr'>heremita</span> <span class='ocrx_word' id='word_1_173' title='bbox 1234 1239 1309 1270; x_wconf 86' lang='lat' dir='ltr'>loco.</span> <span class='ocrx_word' id='word_1_174' title='bbox 1324 1241 1370 1270; x_wconf 91' lang='lat' dir='ltr'>Ac</span> <span class='ocrx_word' id='word_1_175' title='bbox 1383 1240 1409 1269; x_wconf 91' lang='lat' dir='ltr'>si</span> <span class='ocrx_word' id='word_1_176' title='bbox 1425 1243 1580 1280; x_wconf 70' lang='lat' dir='ltr'>martyres</span> 
     </span>
     <span class='ocr_line' id='line_1_17' title="bbox 61 1296 1583 1337; baseline 0.001 -11"><span class='ocrx_word' id='word_1_177' title='bbox 61 1306 100 1327; x_wconf 82' lang='lat' dir='ltr'>ex</span> <span class='ocrx_word' id='word_1_178' title='bbox 120 1296 284 1327; x_wconf 87' lang='lat' dir='ltr'>tormentis</span> <span class='ocrx_word' id='word_1_179' title='bbox 304 1296 482 1333; x_wconf 86' lang='lat' dir='ltr'>metiamur,</span> <span class='ocrx_word' id='word_1_180' title='bbox 510 1306 568 1335; x_wconf 84' lang='lat' dir='ltr'>per</span> <span class='ocrx_word' id='word_1_181' title='bbox 589 1306 712 1327; x_wconf 90' lang='lat' dir='ltr'>omnem</span> <span class='ocrx_word' id='word_1_182' title='bbox 733 1296 832 1327; x_wconf 74' lang='lat' dir='ltr'>vitam</span> <span class='ocrx_word' id='word_1_183' title='bbox 853 1299 974 1337; x_wconf 78' lang='lat' dir='ltr'>martyr</span> <span class='ocrx_word' id='word_1_184' title='bbox 995 1296 1108 1327; x_wconf 82' lang='lat' dir='ltr'>extitit.</span> <span class='ocrx_word' id='word_1_185' title='bbox 1135 1296 1252 1327; x_wconf 88' lang='lat' dir='ltr'>Doctor</span> <span class='ocrx_word' id='word_1_186' title='bbox 1274 1307 1338 1327; x_wconf 90' lang='lat' dir='ltr'>non</span> <span class='ocrx_word' id='word_1_187' title='bbox 1358 1296 1459 1327; x_wconf 88' lang='lat' dir='ltr'>solum</span> <span class='ocrx_word' id='word_1_188' title='bbox 1488 1297 1583 1328; x_wconf 75' lang='lat' dir='ltr'>verbo</span> 
     </span>
     <span class='ocr_line' id='line_1_18' title="bbox 62 1353 1582 1393; baseline 0.001 -9"><span class='ocrx_word' id='word_1_189' title='bbox 62 1353 117 1384; x_wconf 83' lang='lat' dir='ltr'>sed</span> <span class='ocrx_word' id='word_1_190' title='bbox 132 1353 284 1393; x_wconf 76' lang='lat' dir='ltr'>exemplo,</span> <span class='ocrx_word' id='word_1_191' title='bbox 301 1363 358 1384; x_wconf 89' lang='lat' dir='ltr'>nec</span> <span class='ocrx_word' id='word_1_192' title='bbox 371 1353 474 1384; x_wconf 83' lang='lat' dir='ltr'>minus</span> <span class='ocrx_word' id='word_1_193' title='bbox 490 1353 555 1384; x_wconf 86' lang='lat' dir='ltr'>vita</span> <span class='ocrx_word' id='word_1_194' title='bbox 576 1353 680 1384; x_wconf 86' lang='lat' dir='ltr'>clarus</span> <span class='ocrx_word' id='word_1_195' title='bbox 693 1364 790 1393; x_wconf 85' lang='lat' dir='ltr'>quam</span> <span class='ocrx_word' id='word_1_196' title='bbox 811 1364 961 1385; x_wconf 85' lang='lat' dir='ltr'>sermone.</span> <span class='ocrx_word' id='word_1_197' title='bbox 976 1353 1059 1384; x_wconf 88' lang='lat' dir='ltr'>Illud</span> <span class='ocrx_word' id='word_1_198' title='bbox 1082 1354 1165 1384; x_wconf 88' lang='lat' dir='ltr'>enim</span> <span class='ocrx_word' id='word_1_199' title='bbox 1179 1356 1227 1384; x_wconf 90' lang='lat' dir='ltr'>est</span> <span class='ocrx_word' id='word_1_200' title='bbox 1242 1354 1397 1393; x_wconf 89' lang='lat' dir='ltr'>optimum</span> <span class='ocrx_word' id='word_1_201' title='bbox 1419 1354 1582 1385; x_wconf 83' lang='lat' dir='ltr'>doctrinae</span> 
     </span>
     <span class='ocr_line' id='line_1_19' title="bbox 63 1410 1581 1452; baseline 0.001 -10"><span class='ocrx_word' id='word_1_202' title='bbox 63 1420 173 1451; x_wconf 87' lang='lat' dir='ltr'>genus,</span> <span class='ocrx_word' id='word_1_203' title='bbox 194 1413 229 1441; x_wconf 90' lang='lat' dir='ltr'>ut</span> <span class='ocrx_word' id='word_1_204' title='bbox 251 1410 334 1450; x_wconf 90' lang='lat' dir='ltr'>quod</span> <span class='ocrx_word' id='word_1_205' title='bbox 356 1421 409 1442; x_wconf 86' lang='lat' dir='ltr'>ore</span> <span class='ocrx_word' id='word_1_206' title='bbox 429 1411 498 1450; x_wconf 87' lang='lat' dir='ltr'>quis</span> <span class='ocrx_word' id='word_1_207' title='bbox 520 1410 697 1442; x_wconf 79' lang='lat' dir='ltr'>faciendum</span> <span class='ocrx_word' id='word_1_208' title='bbox 719 1414 833 1448; x_wconf 86' lang='lat' dir='ltr'>monet,</span> <span class='ocrx_word' id='word_1_209' title='bbox 854 1412 919 1442; x_wconf 80' lang='lat' dir='ltr'>vita</span> <span class='ocrx_word' id='word_1_210' title='bbox 941 1411 1146 1452; x_wconf 82' lang='lat' dir='ltr'>exemploque</span> <span class='ocrx_word' id='word_1_211' title='bbox 1167 1422 1222 1442; x_wconf 90' lang='lat' dir='ltr'>suo</span> <span class='ocrx_word' id='word_1_212' title='bbox 1245 1412 1434 1451; x_wconf 85' lang='lat' dir='ltr'>comprobet.</span> <span class='ocrx_word' id='word_1_213' title='bbox 1459 1412 1495 1442; x_wconf 93' lang='lat' dir='ltr'>ln</span> <span class='ocrx_word' id='word_1_214' title='bbox 1517 1423 1581 1452; x_wconf 86' lang='lat' dir='ltr'>qua</span> 
     </span>
     <span class='ocr_line' id='line_1_20' title="bbox 62 1467 1585 1508; baseline 0.002 -11"><span class='ocrx_word' id='word_1_215' title='bbox 62 1478 97 1498; x_wconf 90' lang='lat' dir='ltr'>re</span> <span class='ocrx_word' id='word_1_216' title='bbox 119 1478 233 1507; x_wconf 88' lang='lat' dir='ltr'>parum</span> <span class='ocrx_word' id='word_1_217' title='bbox 254 1467 367 1498; x_wconf 89' lang='lat' dir='ltr'>curiosi</span> <span class='ocrx_word' id='word_1_218' title='bbox 388 1468 465 1498; x_wconf 88' lang='lat' dir='ltr'>mihi</span> <span class='ocrx_word' id='word_1_219' title='bbox 486 1467 720 1507; x_wconf 81' lang='lat' dir='ltr'>praedicatores</span> <span class='ocrx_word' id='word_1_220' title='bbox 740 1469 839 1499; x_wconf 87' lang='lat' dir='ltr'>nostri</span> <span class='ocrx_word' id='word_1_221' title='bbox 859 1469 1011 1508; x_wconf 79' lang='lat' dir='ltr'>temporis</span> <span class='ocrx_word' id='word_1_222' title='bbox 1030 1469 1186 1507; x_wconf 87' lang='lat' dir='ltr'>videntur,</span> <span class='ocrx_word' id='word_1_223' title='bbox 1208 1469 1323 1508; x_wconf 89' lang='lat' dir='ltr'>quibus</span> <span class='ocrx_word' id='word_1_224' title='bbox 1344 1479 1435 1500; x_wconf 86' lang='lat' dir='ltr'>omne</span> <span class='ocrx_word' id='word_1_225' title='bbox 1448 1469 1481 1499; x_wconf 92' lang='lat' dir='ltr'>in</span> <span class='ocrx_word' id='word_1_226' title='bbox 1495 1469 1585 1500; x_wconf 91' lang='lat' dir='ltr'>bene-</span> 
     </span>
     <span class='ocr_line' id='line_1_21' title="bbox 62 1524 1582 1567; baseline 0.001 -12"><span class='ocrx_word' id='word_1_227' title='bbox 62 1524 195 1555; x_wconf 90' lang='lat' dir='ltr'>dicendo</span> <span class='ocrx_word' id='word_1_228' title='bbox 209 1524 220 1541; x_wconf 70' lang='grc'>8</span> <span class='ocrx_word' id='word_1_229' title='bbox 239 1524 379 1556; x_wconf 87' lang='lat' dir='ltr'>studium</span> <span class='ocrx_word' id='word_1_230' title='bbox 395 1527 450 1562; x_wconf 84' lang='lat' dir='ltr'>est,</span> <span class='ocrx_word' id='word_1_231' title='bbox 471 1525 504 1555; x_wconf 90' lang='lat' dir='ltr'>in</span> <span class='ocrx_word' id='word_1_232' title='bbox 518 1525 598 1556; x_wconf 87' lang='lat' dir='ltr'>bene</span> <span class='ocrx_word' id='word_1_233' title='bbox 619 1525 762 1556; x_wconf 85' lang='lat' dir='ltr'>faciendo</span> <span class='ocrx_word' id='word_1_234' title='bbox 774 1526 785 1542; x_wconf 69' lang='lat'>‘³</span> <span class='ocrx_word' id='word_1_235' title='bbox 806 1525 939 1563; x_wconf 88' lang='lat' dir='ltr'>nullum,</span> <span class='ocrx_word' id='word_1_236' title='bbox 954 1544 992 1548; x_wconf 97' lang='lat'><strong>—</strong></span> <span class='ocrx_word' id='word_1_237' title='bbox 1008 1527 1098 1566; x_wconf 81' lang='lat' dir='ltr'>quasi</span> <span class='ocrx_word' id='word_1_238' title='bbox 1118 1536 1192 1557; x_wconf 80' lang='lat' dir='ltr'>vero</span> <span class='ocrx_word' id='word_1_239' title='bbox 1206 1527 1239 1556; x_wconf 92' lang='lat' dir='ltr'>in</span> <span class='ocrx_word' id='word_1_240' title='bbox 1258 1525 1320 1556; x_wconf 87' lang='lat' dir='ltr'>fide</span> <span class='ocrx_word' id='word_1_241' title='bbox 1336 1526 1374 1557; x_wconf 87' lang='lat' dir='ltr'>de</span> <span class='ocrx_word' id='word_1_242' title='bbox 1391 1526 1582 1567; x_wconf 80' lang='lat' dir='ltr'>eloquentia,</span> 
     </span>
     <span class='ocr_line' id='line_1_22' title="bbox 61 1581 1585 1624; baseline 0.001 -12"><span class='ocrx_word' id='word_1_243' title='bbox 61 1592 126 1613; x_wconf 90' lang='lat' dir='ltr'>non</span> <span class='ocrx_word' id='word_1_244' title='bbox 145 1581 185 1613; x_wconf 89' lang='lat' dir='ltr'>de</span> <span class='ocrx_word' id='word_1_245' title='bbox 204 1582 327 1613; x_wconf 88' lang='lat' dir='ltr'>ratione</span> <span class='ocrx_word' id='word_1_246' title='bbox 348 1582 441 1620; x_wconf 88' lang='lat' dir='ltr'>vitae,</span> <span class='ocrx_word' id='word_1_247' title='bbox 469 1583 688 1620; x_wconf 83' lang='lat' dir='ltr'>contendatur,</span> <span class='ocrx_word' id='word_1_248' title='bbox 717 1585 774 1614; x_wconf 86' lang='lat' dir='ltr'>aut</span> <span class='ocrx_word' id='word_1_249' title='bbox 794 1583 980 1621; x_wconf 87' lang='lat' dir='ltr'>oratoribus,</span> <span class='ocrx_word' id='word_1_250' title='bbox 1008 1594 1071 1614; x_wconf 89' lang='lat' dir='ltr'>non</span> <span class='ocrx_word' id='word_1_251' title='bbox 1087 1584 1108 1600; x_wconf 84' lang='lat'>¹⁰</span> <span class='ocrx_word' id='word_1_252' title='bbox 1136 1583 1225 1614; x_wconf 88' lang='lat' dir='ltr'>bonis</span> <span class='ocrx_word' id='word_1_253' title='bbox 1246 1587 1344 1624; x_wconf 81' lang='lat' dir='ltr'>atque</span> <span class='ocrx_word' id='word_1_254' title='bbox 1365 1584 1481 1615; x_wconf 87' lang='lat' dir='ltr'>sanctis</span> <span class='ocrx_word' id='word_1_255' title='bbox 1502 1584 1585 1622; x_wconf 85' lang='lat' dir='ltr'>viris,</span> 
     </span>
     <span class='ocr_line' id='line_1_23' title="bbox 62 1638 1584 1681; baseline 0.001 -11"><span class='ocrx_word' id='word_1_256' title='bbox 62 1639 184 1670; x_wconf 88' lang='lat' dir='ltr'>coelum</span> <span class='ocrx_word' id='word_1_257' title='bbox 205 1641 323 1679; x_wconf 88' lang='lat' dir='ltr'>pateat.</span> <span class='ocrx_word' id='word_1_258' title='bbox 346 1638 407 1677; x_wconf 82' lang='lat' dir='ltr'>Qui</span> <span class='ocrx_word' id='word_1_259' title='bbox 427 1650 500 1680; x_wconf 84' lang='lat' dir='ltr'>ergo</span> <span class='ocrx_word' id='word_1_260' title='bbox 520 1642 606 1671; x_wconf 88' lang='lat' dir='ltr'>recte</span> <span class='ocrx_word' id='word_1_261' title='bbox 626 1640 726 1679; x_wconf 87' lang='lat' dir='ltr'>docet,</span> <span class='ocrx_word' id='word_1_262' title='bbox 748 1643 780 1671; x_wconf 89' lang='lat' dir='ltr'>et</span> <span class='ocrx_word' id='word_1_263' title='bbox 801 1640 848 1671; x_wconf 89' lang='lat' dir='ltr'>ita</span> <span class='ocrx_word' id='word_1_264' title='bbox 869 1641 945 1671; x_wconf 83' lang='lat' dir='ltr'>vivit</span> <span class='ocrx_word' id='word_1_265' title='bbox 968 1643 1004 1672; x_wconf 92' lang='lat' dir='ltr'>ut</span> <span class='ocrx_word' id='word_1_266' title='bbox 1023 1640 1124 1678; x_wconf 87' lang='lat' dir='ltr'>docet,</span> <span class='ocrx_word' id='word_1_267' title='bbox 1146 1651 1220 1672; x_wconf 85' lang='lat' dir='ltr'>vere</span> <span class='ocrx_word' id='word_1_268' title='bbox 1240 1641 1294 1672; x_wconf 89' lang='lat' dir='ltr'>ille</span> <span class='ocrx_word' id='word_1_269' title='bbox 1310 1641 1418 1672; x_wconf 88' lang='lat' dir='ltr'>doctor</span> <span class='ocrx_word' id='word_1_270' title='bbox 1440 1643 1505 1678; x_wconf 78' lang='lat' dir='ltr'>est;</span> <span class='ocrx_word' id='word_1_271' title='bbox 1529 1641 1584 1681; x_wconf 90' lang='lat' dir='ltr'>qui</span> 
     </span>
     <span class='ocr_line' id='line_1_24' title="bbox 62 1695 1586 1739; baseline 0.001 -12"><span class='ocrx_word' id='word_1_272' title='bbox 62 1695 166 1734; x_wconf 86' lang='lat' dir='ltr'>aliter,</span> <span class='ocrx_word' id='word_1_273' title='bbox 186 1696 332 1734; x_wconf 79' lang='lat' dir='ltr'>mendax,</span> <span class='ocrx_word' id='word_1_274' title='bbox 360 1699 392 1728; x_wconf 90' lang='lat' dir='ltr'>et</span> <span class='ocrx_word' id='word_1_275' title='bbox 412 1706 444 1728; x_wconf 89' lang='lat' dir='ltr'>se</span> <span class='ocrx_word' id='word_1_276' title='bbox 466 1697 569 1737; x_wconf 88' lang='lat' dir='ltr'>ipsum</span> <span class='ocrx_word' id='word_1_277' title='bbox 591 1697 750 1729; x_wconf 86' lang='lat' dir='ltr'>sententia</span> <span class='ocrx_word' id='word_1_278' title='bbox 771 1708 829 1729; x_wconf 88' lang='lat' dir='ltr'>sua</span> <span class='ocrx_word' id='word_1_279' title='bbox 850 1697 1061 1729; x_wconf 87' lang='lat' dir='ltr'>condemnans</span> <span class='ocrx_word' id='word_1_280' title='bbox 1077 1698 1107 1729; x_wconf 89' lang='lat'>¹¹.</span> <span class='ocrx_word' id='word_1_281' title='bbox 1128 1698 1313 1739; x_wconf 86' lang='lat' dir='ltr'>Hieronymi</span> <span class='ocrx_word' id='word_1_282' title='bbox 1333 1698 1429 1730; x_wconf 88' lang='lat' dir='ltr'>libros</span> <span class='ocrx_word' id='word_1_283' title='bbox 1449 1701 1505 1729; x_wconf 90' lang='lat' dir='ltr'>aut</span> <span class='ocrx_word' id='word_1_284' title='bbox 1525 1698 1586 1738; x_wconf 84' lang='lat' dir='ltr'>epi-</span> 
     </span>
     <span class='ocr_line' id='line_1_25' title="bbox 62 1753 1585 1794; baseline 0.001 -8"><span class='ocrx_word' id='word_1_285' title='bbox 62 1753 161 1786; x_wconf 85' lang='lat' dir='ltr'>stolas</span> <span class='ocrx_word' id='word_1_286' title='bbox 180 1753 266 1794; x_wconf 84' lang='lat' dir='ltr'>lege;</span> <span class='ocrx_word' id='word_1_287' title='bbox 294 1753 389 1794; x_wconf 86' lang='lat' dir='ltr'>plena</span> <span class='ocrx_word' id='word_1_288' title='bbox 408 1757 482 1785; x_wconf 90' lang='lat' dir='ltr'>sunt</span> <span class='ocrx_word' id='word_1_289' title='bbox 509 1755 614 1786; x_wconf 87' lang='lat' dir='ltr'>omnia</span> <span class='ocrx_word' id='word_1_290' title='bbox 646 1754 849 1787; x_wconf 83' lang='lat' dir='ltr'>sanctissimis</span> <span class='ocrx_word' id='word_1_291' title='bbox 877 1754 1080 1786; x_wconf 87' lang='lat' dir='ltr'>documentis.</span> <span class='ocrx_word' id='word_1_292' title='bbox 1102 1755 1209 1787; x_wconf 85' lang='lat' dir='ltr'>Vitam</span> <span class='ocrx_word' id='word_1_293' title='bbox 1236 1756 1382 1793; x_wconf 87' lang='lat' dir='ltr'>intuere;</span> <span class='ocrx_word' id='word_1_294' title='bbox 1409 1756 1585 1787; x_wconf 84' lang='lat' dir='ltr'>doctrinam</span> 
     </span>
     <span class='ocr_line' id='line_1_26' title="bbox 63 1811 1585 1852; baseline 0.001 -10"><span class='ocrx_word' id='word_1_295' title='bbox 63 1821 188 1843; x_wconf 89' lang='lat' dir='ltr'>omnem</span> <span class='ocrx_word' id='word_1_296' title='bbox 209 1811 389 1849; x_wconf 80' lang='lat' dir='ltr'>excesseris,</span> <span class='ocrx_word' id='word_1_297' title='bbox 412 1812 503 1852; x_wconf 84' lang='lat' dir='ltr'>quasi</span> <span class='ocrx_word' id='word_1_298' title='bbox 523 1812 649 1844; x_wconf 84' lang='lat' dir='ltr'>facilius</span> <span class='ocrx_word' id='word_1_299' title='bbox 670 1812 698 1844; x_wconf 84' lang='lat' dir='ltr'>ei</span> <span class='ocrx_word' id='word_1_300' title='bbox 719 1812 823 1844; x_wconf 85' lang='lat' dir='ltr'>facere</span> <span class='ocrx_word' id='word_1_301' title='bbox 844 1822 941 1852; x_wconf 83' lang='lat' dir='ltr'>quam</span> <span class='ocrx_word' id='word_1_302' title='bbox 962 1812 1066 1845; x_wconf 85' lang='lat' dir='ltr'>dicere</span> <span class='ocrx_word' id='word_1_303' title='bbox 1087 1813 1191 1844; x_wconf 80' lang='lat' dir='ltr'>fuerit.</span> <span class='ocrx_word' id='word_1_304' title='bbox 1221 1812 1304 1852; x_wconf 84' lang='lat' dir='ltr'>Quid</span> <span class='ocrx_word' id='word_1_305' title='bbox 1325 1814 1410 1845; x_wconf 88' lang='lat' dir='ltr'>enim</span> <span class='ocrx_word' id='word_1_306' title='bbox 1430 1813 1469 1845; x_wconf 86' lang='lat' dir='ltr'>de</span> <span class='ocrx_word' id='word_1_307' title='bbox 1489 1813 1585 1845; x_wconf 86' lang='lat' dir='ltr'>absti-</span> 
     </span>
     <span class='ocr_line' id='line_1_27' title="bbox 64 1867 1582 1911; baseline 0.003 -13"><span class='ocrx_word' id='word_1_308' title='bbox 64 1867 175 1899; x_wconf 84' lang='lat' dir='ltr'>nentia</span> <span class='ocrx_word' id='word_1_309' title='bbox 194 1870 227 1899; x_wconf 89' lang='lat' dir='ltr'>et</span> <span class='ocrx_word' id='word_1_310' title='bbox 247 1868 442 1900; x_wconf 83' lang='lat' dir='ltr'>continentia</span> <span class='ocrx_word' id='word_1_311' title='bbox 461 1869 602 1901; x_wconf 87' lang='lat' dir='ltr'>dicemus</span> <span class='ocrx_word' id='word_1_312' title='bbox 623 1888 662 1892; x_wconf 89' lang='lat'>—-</span> <span class='ocrx_word' id='word_1_313' title='bbox 683 1869 759 1910; x_wconf 86' lang='lat' dir='ltr'>quid</span> <span class='ocrx_word' id='word_1_314' title='bbox 781 1869 820 1901; x_wconf 89' lang='lat' dir='ltr'>de</span> <span class='ocrx_word' id='word_1_315' title='bbox 841 1869 1041 1901; x_wconf 85' lang='lat' dir='ltr'>humanitate</span> <span class='ocrx_word' id='word_1_316' title='bbox 1061 1889 1101 1893; x_wconf 86' lang='lat'>-—</span> <span class='ocrx_word' id='word_1_317' title='bbox 1121 1870 1199 1910; x_wconf 89' lang='lat' dir='ltr'>quid</span> <span class='ocrx_word' id='word_1_318' title='bbox 1219 1870 1259 1902; x_wconf 91' lang='lat' dir='ltr'>de</span> <span class='ocrx_word' id='word_1_319' title='bbox 1279 1871 1436 1910; x_wconf 85' lang='lat' dir='ltr'>patientia</span> <span class='ocrx_word' id='word_1_320' title='bbox 1453 1889 1492 1893; x_wconf 97' lang='lat'><strong>—</strong></span> <span class='ocrx_word' id='word_1_321' title='bbox 1506 1870 1582 1911; x_wconf 77' lang='lat' dir='ltr'>quid</span> 
     </span>
     <span class='ocr_line' id='line_1_28' title="bbox 66 1924 1587 1965; baseline 0.002 -9"><span class='ocrx_word' id='word_1_322' title='bbox 66 1924 108 1956; x_wconf 89' lang='lat' dir='ltr'>de</span> <span class='ocrx_word' id='word_1_323' title='bbox 127 1925 399 1965; x_wconf 85' lang='lat' dir='ltr'>persecutionibus</span> <span class='ocrx_word' id='word_1_324' title='bbox 420 1926 617 1958; x_wconf 85' lang='lat' dir='ltr'>aemulorum</span> <span class='ocrx_word' id='word_1_325' title='bbox 637 1945 677 1949; x_wconf 97' lang='lat'><strong>—</strong></span> <span class='ocrx_word' id='word_1_326' title='bbox 696 1927 735 1957; x_wconf 88' lang='lat' dir='ltr'>de</span> <span class='ocrx_word' id='word_1_327' title='bbox 755 1926 987 1958; x_wconf 86' lang='lat' dir='ltr'>haereticorum</span> <span class='ocrx_word' id='word_1_328' title='bbox 1007 1927 1179 1959; x_wconf 87' lang='lat' dir='ltr'>rebellione</span> <span class='ocrx_word' id='word_1_329' title='bbox 1193 1946 1232 1950; x_wconf 97' lang='lat'><strong>—</strong></span> <span class='ocrx_word' id='word_1_330' title='bbox 1247 1930 1284 1959; x_wconf 88' lang='lat' dir='ltr'>ut</span> <span class='ocrx_word' id='word_1_331' title='bbox 1303 1927 1372 1959; x_wconf 85' lang='lat' dir='ltr'>illos</span> <span class='ocrx_word' id='word_1_332' title='bbox 1393 1928 1518 1959; x_wconf 85' lang='lat' dir='ltr'>fortiter</span> <span class='ocrx_word' id='word_1_333' title='bbox 1539 1931 1587 1958; x_wconf 89' lang='lat' dir='ltr'>tu—</span> 
     </span>
     <span class='ocr_line' id='line_1_29' title="bbox 64 1981 1587 2026; baseline 0.001 -12"><span class='ocrx_word' id='word_1_334' title='bbox 64 1981 140 2014; x_wconf 87' lang='lat' dir='ltr'>lerit</span> <span class='ocrx_word' id='word_1_335' title='bbox 154 1983 185 2021; x_wconf 73' lang='lat'>¹²,</span> <span class='ocrx_word' id='word_1_336' title='bbox 206 1983 262 2015; x_wconf 91' lang='lat' dir='ltr'>hos</span> <span class='ocrx_word' id='word_1_337' title='bbox 277 1983 390 2015; x_wconf 85' lang='lat' dir='ltr'>fortius</span> <span class='ocrx_word' id='word_1_338' title='bbox 404 1983 590 2015; x_wconf 63' lang='lat' dir='ltr'>obtuderit?</span> <span class='ocrx_word' id='word_1_339' title='bbox 611 1982 692 2022; x_wconf 77' lang='lat' dir='ltr'>Quid</span> <span class='ocrx_word' id='word_1_340' title='bbox 705 1984 744 2015; x_wconf 87' lang='lat' dir='ltr'>de</span> <span class='ocrx_word' id='word_1_341' title='bbox 758 1983 919 2016; x_wconf 86' lang='lat' dir='ltr'>laboribus</span> <span class='ocrx_word' id='word_1_342' title='bbox 933 1985 1031 2016; x_wconf 86' lang='lat' dir='ltr'>eremi</span> <span class='ocrx_word' id='word_1_343' title='bbox 1044 2003 1082 2007; x_wconf 92' lang='lat'>—</span> <span class='ocrx_word' id='word_1_344' title='bbox 1096 1985 1135 2016; x_wconf 89' lang='lat' dir='ltr'>de</span> <span class='ocrx_word' id='word_1_345' title='bbox 1149 1985 1439 2026; x_wconf 83' lang='lat' dir='ltr'>peregrinationum</span> <span class='ocrx_word' id='word_1_346' title='bbox 1459 1984 1587 2016; x_wconf 86' lang='lat' dir='ltr'>difficul-</span> 
     </span>
     <span class='ocr_line' id='line_1_30' title="bbox 59 2041 1586 2082; baseline 0.001 -10"><span class='ocrx_word' id='word_1_347' title='bbox 59 2042 133 2072; x_wconf 78' lang='lat' dir='ltr'>tate</span> <span class='ocrx_word' id='word_1_348' title='bbox 153 2059 193 2064; x_wconf 86' lang='lat'>—-</span> <span class='ocrx_word' id='word_1_349' title='bbox 212 2041 417 2082; x_wconf 84' lang='lat' dir='ltr'>caeterisque,</span> <span class='ocrx_word' id='word_1_350' title='bbox 448 2051 584 2081; x_wconf 89' lang='lat' dir='ltr'>quorum</span> <span class='ocrx_word' id='word_1_351' title='bbox 610 2041 750 2073; x_wconf 90' lang='lat' dir='ltr'>omnium</span> <span class='ocrx_word' id='word_1_352' title='bbox 780 2041 875 2082; x_wconf 87' lang='lat' dir='ltr'>longa</span> <span class='ocrx_word' id='word_1_353' title='bbox 902 2042 1053 2073; x_wconf 90' lang='lat' dir='ltr'>memoria</span> <span class='ocrx_word' id='word_1_354' title='bbox 1073 2041 1143 2074; x_wconf 64' lang='lat' dir='ltr'>est?</span> <span class='ocrx_word' id='word_1_355' title='bbox 1173 2041 1325 2074; x_wconf 85' lang='lat' dir='ltr'>Statuisse</span> <span class='ocrx_word' id='word_1_356' title='bbox 1354 2043 1437 2074; x_wconf 88' lang='lat' dir='ltr'>enim</span> <span class='ocrx_word' id='word_1_357' title='bbox 1460 2042 1586 2074; x_wconf 86' lang='lat' dir='ltr'>sibimet</span> 
     </span>
     <span class='ocr_line' id='line_1_31' title="bbox 65 2098 1586 2140; baseline 0.001 -10"><span class='ocrx_word' id='word_1_358' title='bbox 65 2098 193 2130; x_wconf 81' lang='lat' dir='ltr'>videtur</span> <span class='ocrx_word' id='word_1_359' title='bbox 207 2099 288 2130; x_wconf 88' lang='lat' dir='ltr'>nihil</span> <span class='ocrx_word' id='word_1_360' title='bbox 308 2099 427 2140; x_wconf 81' lang='lat' dir='ltr'>fugere,</span> <span class='ocrx_word' id='word_1_361' title='bbox 449 2098 525 2129; x_wconf 89' lang='lat' dir='ltr'>dum</span> <span class='ocrx_word' id='word_1_362' title='bbox 539 2099 695 2130; x_wconf 89' lang='lat' dir='ltr'>mundum</span> <span class='ocrx_word' id='word_1_363' title='bbox 710 2101 743 2130; x_wconf 88' lang='lat' dir='ltr'>et</span> <span class='ocrx_word' id='word_1_364' title='bbox 762 2099 892 2130; x_wconf 85' lang='lat' dir='ltr'>insidias</span> <span class='ocrx_word' id='word_1_365' title='bbox 912 2100 979 2140; x_wconf 87' lang='lat' dir='ltr'>ejus</span> <span class='ocrx_word' id='word_1_366' title='bbox 998 2099 1159 2140; x_wconf 84' lang='lat' dir='ltr'>refugeret</span> <span class='ocrx_word' id='word_1_367' title='bbox 1171 2100 1202 2131; x_wconf 81' lang='lat'>¹³.</span> <span class='ocrx_word' id='word_1_368' title='bbox 1224 2099 1285 2131; x_wconf 81' lang='lat' dir='ltr'>Hic</span> <span class='ocrx_word' id='word_1_369' title='bbox 1298 2100 1411 2137; x_wconf 88' lang='lat' dir='ltr'>nescio,</span> <span class='ocrx_word' id='word_1_370' title='bbox 1431 2102 1586 2140; x_wconf 85' lang='lat' dir='ltr'>quantum</span> 
     </span>
     <span class='ocr_line' id='line_1_32' title="bbox 67 2155 1586 2198; baseline 0.001 -11"><span class='ocrx_word' id='word_1_371' title='bbox 67 2155 146 2187; x_wconf 82' lang='lat' dir='ltr'>mihi</span> <span class='ocrx_word' id='word_1_372' title='bbox 165 2156 340 2195; x_wconf 81' lang='lat' dir='ltr'>conveniat,</span> <span class='ocrx_word' id='word_1_373' title='bbox 368 2158 512 2188; x_wconf 87' lang='lat' dir='ltr'>sanctum</span> <span class='ocrx_word' id='word_1_374' title='bbox 538 2156 696 2188; x_wconf 77' lang='lat' dir='ltr'>hominem</span> <span class='ocrx_word' id='word_1_375' title='bbox 716 2158 784 2187; x_wconf 78' lang='lat' dir='ltr'>tam</span> <span class='ocrx_word' id='word_1_376' title='bbox 804 2157 958 2197; x_wconf 76' lang='lat' dir='ltr'>exquisite</span> <span class='ocrx_word' id='word_1_377' title='bbox 977 2157 1120 2195; x_wconf 86' lang='lat' dir='ltr'>laudare,</span> <span class='ocrx_word' id='word_1_378' title='bbox 1148 2157 1239 2198; x_wconf 87' lang='lat' dir='ltr'>quasi</span> <span class='ocrx_word' id='word_1_379' title='bbox 1254 2157 1276 2174; x_wconf 80' lang='lat'>¹⁴</span> <span class='ocrx_word' id='word_1_380' title='bbox 1304 2157 1450 2189; x_wconf 86' lang='lat' dir='ltr'>videatur</span> <span class='ocrx_word' id='word_1_381' title='bbox 1476 2157 1586 2189; x_wconf 90' lang='lat' dir='ltr'>laudes</span> 
     </span>
     <span class='ocr_line' id='line_1_33' title="bbox 62 2213 1586 2255; baseline 0.001 -11"><span class='ocrx_word' id='word_1_382' title='bbox 62 2213 136 2254; x_wconf 81' lang='lat' dir='ltr'>ejus</span> <span class='ocrx_word' id='word_1_383' title='bbox 155 2213 321 2254; x_wconf 87' lang='lat' dir='ltr'>complecti</span> <span class='ocrx_word' id='word_1_384' title='bbox 341 2223 484 2245; x_wconf 88' lang='lat' dir='ltr'>sermone</span> <span class='ocrx_word' id='word_1_385' title='bbox 504 2222 603 2254; x_wconf 86' lang='lat' dir='ltr'>posse,</span> <span class='ocrx_word' id='word_1_386' title='bbox 628 2215 686 2245; x_wconf 76' lang='lat' dir='ltr'>aut</span> <span class='ocrx_word' id='word_1_387' title='bbox 705 2223 855 2254; x_wconf 86' lang='lat' dir='ltr'>superum</span> <span class='ocrx_word' id='word_1_388' title='bbox 882 2213 992 2246; x_wconf 86' lang='lat' dir='ltr'>laudes</span> <span class='ocrx_word' id='word_1_389' title='bbox 1012 2224 1076 2246; x_wconf 92' lang='lat' dir='ltr'>non</span> <span class='ocrx_word' id='word_1_390' title='bbox 1107 2224 1204 2255; x_wconf 87' lang='lat' dir='ltr'>supra</span> <span class='ocrx_word' id='word_1_391' title='bbox 1218 2215 1239 2232; x_wconf 88' lang='lat'>¹⁵</span> <span class='ocrx_word' id='word_1_392' title='bbox 1266 2224 1391 2246; x_wconf 87' lang='lat' dir='ltr'>omnem</span> <span class='ocrx_word' id='word_1_393' title='bbox 1412 2224 1586 2247; x_wconf 87' lang='lat' dir='ltr'>sermonem</span> 
     </span>
    </p>
   </div>
   <div class='ocr_carea' id='block_1_7' title="bbox 77 2305 1587 2467">
    <p class='ocr_par' dir='ltr' id='par_1_7' title="bbox 79 2305 1467 2341">
     <span class='ocr_line' id='line_1_34' title="bbox 79 2305 1467 2341; baseline 0.001 -8"><span class='ocrx_word' id='word_1_394' title='bbox 79 2306 88 2323; x_wconf 82' lang='lat'>¹</span> <span class='ocrx_word' id='word_1_395' title='bbox 107 2305 163 2334; x_wconf 81' lang='lat' dir='ltr'>Nel</span> <span class='ocrx_word' id='word_1_396' title='bbox 182 2306 230 2335; x_wconf 89' lang='lat' dir='ltr'>Br.</span> <span class='ocrx_word' id='word_1_397' title='bbox 249 2313 315 2341; x_wconf 77' lang='lat' dir='ltr'>pare</span> <span class='ocrx_word' id='word_1_398' title='bbox 334 2305 384 2340; x_wconf 76' lang='lat' dir='ltr'>piu</span> <span class='ocrx_word' id='word_1_399' title='bbox 403 2305 472 2333; x_wconf 87' lang='lat'>1398</span> <span class='ocrx_word' id='word_1_400' title='bbox 491 2305 541 2334; x_wconf 83' lang='lat' dir='ltr'>cho</span> <span class='ocrx_word' id='word_1_401' title='bbox 561 2305 629 2334; x_wconf 83' lang='lat'>1396</span> <span class='ocrx_word' id='word_1_402' title='bbox 860 2308 871 2325; x_wconf 84' lang='lat'>⁹</span> <span class='ocrx_word' id='word_1_403' title='bbox 890 2306 937 2336; x_wconf 72' lang='grc' dir='ltr'><strong>ΒΓ.</strong></span> <span class='ocrx_word' id='word_1_404' title='bbox 957 2307 1035 2336; x_wconf 87' lang='lat' dir='ltr'>Ram.</span> <span class='ocrx_word' id='word_1_405' title='bbox 1054 2307 1111 2335; x_wconf 87' lang='grc' dir='ltr'><strong>ΡΡ.</strong></span> <span class='ocrx_word' id='word_1_406' title='bbox 1130 2315 1145 2334; x_wconf 81' lang='lat' dir='ltr'>e</span> <span class='ocrx_word' id='word_1_407' title='bbox 1165 2306 1249 2335; x_wconf 84' lang='lat' dir='ltr'>Salm.</span> <span class='ocrx_word' id='word_1_408' title='bbox 1267 2306 1467 2340; x_wconf 77' lang='lat' dir='ltr'>benefaciendo</span> 
     </span>
    </p>

    <p class='ocr_par' dir='ltr' id='par_1_8' title="bbox 77 2349 1587 2467">
     <span class='ocr_line' id='line_1_35' title="bbox 77 2349 1587 2386; baseline 0.001 -9"><span class='ocrx_word' id='word_1_409' title='bbox 77 2350 90 2368; x_wconf 77' lang='lat'>2</span> <span class='ocrx_word' id='word_1_410' title='bbox 107 2349 154 2379; x_wconf 89' lang='lat' dir='ltr'>Br.</span> <span class='ocrx_word' id='word_1_411' title='bbox 167 2350 245 2379; x_wconf 79' lang='lat' dir='ltr'>Ram.</span> <span class='ocrx_word' id='word_1_412' title='bbox 255 2350 317 2379; x_wconf 87' lang='lat' dir='ltr'>PM.</span> <span class='ocrx_word' id='word_1_413' title='bbox 331 2350 419 2379; x_wconf 72' lang='lat' dir='ltr'><em>Nihil</em></span> <span class='ocrx_word' id='word_1_414' title='bbox 431 2351 486 2385; x_wconf 51' lang='grc' dir='ltr'>θεὴ</span> <span class='ocrx_word' id='word_1_415' title='bbox 500 2349 546 2378; x_wconf 87' lang='lat' dir='ltr'>Gr.</span> <span class='ocrx_word' id='word_1_416' title='bbox 560 2358 641 2378; x_wconf 87' lang='lat' dir='ltr'>senza</span> <span class='ocrx_word' id='word_1_417' title='bbox 647 2349 812 2386; x_wconf 79' lang='lat' dir='ltr'>jucumdius</span> <span class='ocrx_word' id='word_1_418' title='bbox 848 2351 870 2368; x_wconf 87' lang='lat'>¹⁰</span> <span class='ocrx_word' id='word_1_419' title='bbox 888 2350 972 2379; x_wconf 87' lang='lat' dir='ltr'>Salm.</span> <span class='ocrx_word' id='word_1_420' title='bbox 991 2350 1178 2385; x_wconf 73' lang='lat' dir='ltr'>orationibus,</span> <span class='ocrx_word' id='word_1_421' title='bbox 1192 2349 1365 2384; x_wconf 75' lang='lat' dir='ltr'>oratoribus,</span> <span class='ocrx_word' id='word_1_422' title='bbox 1378 2358 1432 2386; x_wconf 74' lang='lat' dir='ltr'>ne3</span> <span class='ocrx_word' id='word_1_423' title='bbox 1449 2350 1526 2379; x_wconf 84' lang='lat' dir='ltr'>Ram.</span> <span class='ocrx_word' id='word_1_424' title='bbox 1540 2350 1587 2379; x_wconf 73' lang='grc' dir='ltr'><strong>ΒΥ.</strong></span> 
     </span>
     <span class='ocr_line' id='line_1_36' title="bbox 77 2394 1562 2430; baseline 0.001 -8"><span class='ocrx_word' id='word_1_425' title='bbox 77 2394 89 2412; x_wconf 83' lang='lat'>³</span> <span class='ocrx_word' id='word_1_426' title='bbox 109 2394 193 2423; x_wconf 86' lang='lat' dir='ltr'>Salm.</span> <span class='ocrx_word' id='word_1_427' title='bbox 213 2395 259 2423; x_wconf 71' lang='grc' dir='ltr'><strong>ΒΓ.</strong></span> <span class='ocrx_word' id='word_1_428' title='bbox 280 2394 359 2423; x_wconf 81' lang='lat' dir='ltr'>Ram.</span> <span class='ocrx_word' id='word_1_429' title='bbox 379 2394 426 2423; x_wconf 87' lang='lat' dir='ltr'>Gr.</span> <span class='ocrx_word' id='word_1_430' title='bbox 446 2394 502 2422; x_wconf 85' lang='grc' dir='ltr'><strong>ΡΡ.</strong></span> <span class='ocrx_word' id='word_1_431' title='bbox 521 2394 695 2430; x_wconf 74' lang='lat' dir='ltr'>attinyerint</span> <span class='ocrx_word' id='word_1_432' title='bbox 883 2394 931 2423; x_wconf 88' lang='lat' dir='ltr'>Gr.</span> <span class='ocrx_word' id='word_1_433' title='bbox 949 2394 1130 2423; x_wconf 80' lang='lat' dir='ltr'>orationibus</span> <span class='ocrx_word' id='word_1_434' title='bbox 1146 2402 1226 2430; x_wconf 78' lang='lat' dir='ltr'>non3</span> <span class='ocrx_word' id='word_1_435' title='bbox 1244 2394 1301 2424; x_wconf 89' lang='grc' dir='ltr'><strong>ΡΡ.</strong></span> <span class='ocrx_word' id='word_1_436' title='bbox 1320 2394 1509 2430; x_wconf 73' lang='lat' dir='ltr'>orationibus,</span> <span class='ocrx_word' id='word_1_437' title='bbox 1526 2404 1562 2423; x_wconf 81' lang='lat' dir='ltr'>ne</span> 
     </span>
     <span class='ocr_line' id='line_1_37' title="bbox 80 2438 1152 2467; baseline 0.001 -1"><span class='ocrx_word' id='word_1_438' title='bbox 80 2438 91 2456; x_wconf 89' lang='lat'>⁴</span> <span class='ocrx_word' id='word_1_439' title='bbox 109 2438 164 2467; x_wconf 83' lang='grc' dir='ltr'><strong>ΡΡ.</strong></span> <span class='ocrx_word' id='word_1_440' title='bbox 185 2440 280 2467; x_wconf 81' lang='lat' dir='ltr'>terrae</span> <span class='ocrx_word' id='word_1_441' title='bbox 846 2440 866 2457; x_wconf 88' lang='lat'>¹¹</span> <span class='ocrx_word' id='word_1_442' title='bbox 887 2438 934 2467; x_wconf 88' lang='lat' dir='ltr'>Gr.</span> <span class='ocrx_word' id='word_1_443' title='bbox 954 2439 1152 2467; x_wconf 75' lang='lat' dir='ltr'>condamnans</span> 
     </span>
    </p>
   </div>
   <div class='ocr_carea' id='block_1_8' title="bbox 74 2482 1239 2690">
    <p class='ocr_par' dir='ltr' id='par_1_9' title="bbox 74 2482 1239 2690">
     <span class='ocr_line' id='line_1_38' title="bbox 78 2482 1239 2519; baseline 0.001 -9"><span class='ocrx_word' id='word_1_444' title='bbox 78 2483 90 2501; x_wconf 89' lang='lat'>⁵</span> <span class='ocrx_word' id='word_1_445' title='bbox 108 2482 206 2511; x_wconf 83' lang='lat' dir='ltr'>Anche</span> <span class='ocrx_word' id='word_1_446' title='bbox 224 2491 307 2511; x_wconf 83' lang='lat' dir='ltr'>senza</span> <span class='ocrx_word' id='word_1_447' title='bbox 323 2483 342 2510; x_wconf 84' lang='lat' dir='ltr'>l&#39;</span> <span class='ocrx_word' id='word_1_448' title='bbox 352 2491 426 2519; x_wconf 82' lang='lat' dir='ltr'>eum,</span> <span class='ocrx_word' id='word_1_449' title='bbox 445 2483 513 2512; x_wconf 83' lang='lat' dir='ltr'>com&#39;</span> <span class='ocrx_word' id='word_1_450' title='bbox 525 2485 539 2511; x_wconf 77' lang='lat' dir='ltr'>e</span> <span class='ocrx_word' id='word_1_451' title='bbox 558 2482 604 2511; x_wconf 85' lang='lat' dir='ltr'>nei</span> <span class='ocrx_word' id='word_1_452' title='bbox 623 2482 719 2519; x_wconf 86' lang='lat' dir='ltr'>codici,</span> <span class='ocrx_word' id='word_1_453' title='bbox 737 2484 783 2511; x_wconf 86' lang='lat' dir='ltr'>sta</span> <span class='ocrx_word' id='word_1_454' title='bbox 849 2484 870 2501; x_wconf 74' lang='lat'>¹2</span> <span class='ocrx_word' id='word_1_455' title='bbox 889 2482 936 2512; x_wconf 83' lang='lat' dir='ltr'>Gr.</span> <span class='ocrx_word' id='word_1_456' title='bbox 953 2482 1070 2517; x_wconf 73' lang='lat' dir='ltr'>fortiter</span> <span class='ocrx_word' id='word_1_457' title='bbox 1088 2482 1239 2512; x_wconf 76' lang='lat' dir='ltr'>obstulerit</span> 
     </span>
     <span class='ocr_line' id='line_1_39' title="bbox 77 2526 1104 2564; baseline 0 -9"><span class='ocrx_word' id='word_1_458' title='bbox 77 2527 90 2545; x_wconf 63' lang='grc' dir='ltr'><strong><em>ὃ</em></strong></span> <span class='ocrx_word' id='word_1_459' title='bbox 109 2527 174 2555; x_wconf 85' lang='lat' dir='ltr'>Cosi</span> <span class='ocrx_word' id='word_1_460' title='bbox 201 2526 231 2555; x_wconf 92' lang='lat' dir='ltr'>in</span> <span class='ocrx_word' id='word_1_461' title='bbox 260 2528 355 2564; x_wconf 79' lang='lat' dir='ltr'>Ram.;</span> <span class='ocrx_word' id='word_1_462' title='bbox 383 2536 483 2556; x_wconf 82' lang='lat' dir='ltr'>manca</span> <span class='ocrx_word' id='word_1_463' title='bbox 510 2527 541 2555; x_wconf 93' lang='lat' dir='ltr'>in</span> <span class='ocrx_word' id='word_1_464' title='bbox 568 2527 642 2564; x_wconf 63' lang='lat' dir='ltr'>PR,</span> <span class='ocrx_word' id='word_1_465' title='bbox 670 2527 732 2556; x_wconf 89' lang='lat' dir='ltr'>PM.</span> <span class='ocrx_word' id='word_1_466' title='bbox 762 2535 811 2564; x_wconf 64' lang='lat' dir='ltr'>qs,</span> <span class='ocrx_word' id='word_1_467' title='bbox 849 2528 871 2545; x_wconf 83' lang='lat'>¹³</span> <span class='ocrx_word' id='word_1_468' title='bbox 889 2527 967 2556; x_wconf 82' lang='lat' dir='ltr'>Ram.</span> <span class='ocrx_word' id='word_1_469' title='bbox 988 2527 1104 2563; x_wconf 76' lang='lat' dir='ltr'>fuqeret</span> 
     </span>
     <span class='ocr_line' id='line_1_40' title="bbox 103 2571 1200 2608; baseline 0.001 -9"><span class='ocrx_word' id='word_1_470' title='bbox 103 2571 150 2601; x_wconf 92' lang='lat' dir='ltr'>Br.</span> <span class='ocrx_word' id='word_1_471' title='bbox 170 2579 201 2607; x_wconf 68' lang='grc' dir='ltr'>ες</span> <span class='ocrx_word' id='word_1_472' title='bbox 221 2571 268 2601; x_wconf 85' lang='lat' dir='ltr'>Gr.</span> <span class='ocrx_word' id='word_1_473' title='bbox 288 2581 377 2608; x_wconf 79' lang='lat' dir='ltr'>quam</span> <span class='ocrx_word' id='word_1_474' title='bbox 394 2572 421 2601; x_wconf 79' lang='lat' dir='ltr'>si</span> <span class='ocrx_word' id='word_1_475' title='bbox 848 2572 870 2590; x_wconf 84' lang='lat'>¹⁴</span> <span class='ocrx_word' id='word_1_476' title='bbox 889 2572 936 2600; x_wconf 86' lang='lat' dir='ltr'>Gr.</span> <span class='ocrx_word' id='word_1_477' title='bbox 955 2580 1029 2607; x_wconf 81' lang='lat' dir='ltr'>quas</span> <span class='ocrx_word' id='word_1_478' title='bbox 1047 2579 1098 2607; x_wconf 84' lang='lat' dir='ltr'>per</span> <span class='ocrx_word' id='word_1_479' title='bbox 1115 2572 1200 2607; x_wconf 80' lang='lat' dir='ltr'>quasi</span> 
     </span>
     <span class='ocr_line' id='line_1_41' title="bbox 79 2615 1052 2653; baseline 0.001 -10"><span class='ocrx_word' id='word_1_480' title='bbox 79 2616 91 2634; x_wconf 88' lang='lat'>⁷</span> <span class='ocrx_word' id='word_1_481' title='bbox 109 2615 157 2644; x_wconf 79' lang='lat' dir='ltr'>Gr.</span> <span class='ocrx_word' id='word_1_482' title='bbox 176 2616 237 2645; x_wconf 88' lang='lat' dir='ltr'>PM.</span> <span class='ocrx_word' id='word_1_483' title='bbox 258 2616 434 2653; x_wconf 76' lang='lat' dir='ltr'>flayantior;</span> <span class='ocrx_word' id='word_1_484' title='bbox 453 2616 509 2645; x_wconf 81' lang='grc' dir='ltr'><strong>ΡΡ.</strong></span> <span class='ocrx_word' id='word_1_485' title='bbox 530 2616 690 2650; x_wconf 76' lang='lat' dir='ltr'>ferventior</span> <span class='ocrx_word' id='word_1_486' title='bbox 850 2617 873 2634; x_wconf 87' lang='lat'>¹⁵</span> <span class='ocrx_word' id='word_1_487' title='bbox 891 2616 946 2644; x_wconf 83' lang='grc' dir='ltr'><strong>ΡΡ.</strong></span> <span class='ocrx_word' id='word_1_488' title='bbox 964 2624 1052 2652; x_wconf 78' lang='lat' dir='ltr'>super</span> 
     </span>
     <span class='ocr_line' id='line_1_42' title="bbox 74 2659 741 2690; baseline 0.004 -3"><span class='ocrx_word' id='word_1_489' title='bbox 74 2659 92 2677; x_wconf 77' lang='lat' dir='ltr'>.s</span> <span class='ocrx_word' id='word_1_490' title='bbox 109 2659 156 2688; x_wconf 87' lang='lat' dir='ltr'>Gr.</span> <span class='ocrx_word' id='word_1_491' title='bbox 175 2659 222 2690; x_wconf 87' lang='lat' dir='ltr'>Br.</span> <span class='ocrx_word' id='word_1_492' title='bbox 241 2660 320 2689; x_wconf 85' lang='lat' dir='ltr'>Ram.</span> <span class='ocrx_word' id='word_1_493' title='bbox 340 2660 396 2689; x_wconf 87' lang='grc' dir='ltr'><strong>ΡΡ.</strong></span> <span class='ocrx_word' id='word_1_494' title='bbox 415 2668 430 2689; x_wconf 85' lang='grc'>6</span> <span class='ocrx_word' id='word_1_495' title='bbox 450 2661 535 2689; x_wconf 84' lang='lat' dir='ltr'>Salm.</span> <span class='ocrx_word' id='word_1_496' title='bbox 554 2660 741 2690; x_wconf 77' lang='lat' dir='ltr'>benedicendo</span> 
     </span>
    </p>
   </div>
  </div>
 </body>
</html>
