1845 3076
205 139 263 171 192
840 148 863 170 ν.
885 147 910 169 P.
932 147 1081 170 vnnemuo

204 231 289 262 enim
311 231 376 262 fore
393 233 471 262 tunc
485 230 617 262 urbibus
631 230 739 271 ajebat
756 231 857 268 Plato,
870 230 996 271 quando
1011 233 1147 262 rectores
1162 241 1270 263 earum
1283 233 1443 272 sapientiae
1457 233 1588 266 studiosi
1603 238 1714 272 essent,

206 288 292 328 quod
314 298 350 319 eo
370 290 492 328 spectat
512 291 549 319 ut
570 287 619 318 vel
638 288 699 328 ipsi
722 288 786 319 sint
807 288 972 328 sapientes
985 288 1034 319 vel
1048 289 1240 328 sapientibus
1263 299 1295 320 se
1318 289 1449 321 credant
1459 291 1477 321 ¹.
1493 290 1524 321 Si
1543 291 1625 322 enim
1644 291 1713 323 his²

206 345 306 385 (quod
328 346 432 376 evenit
451 346 537 384 raro)
553 344 680 384 publica
694 345 819 385 negotia
832 345 1092 385 permitterentur
1102 346 1122 383 ³,
1144 346 1168 376 si
1180 347 1189 363 ⁴
1210 346 1322 378 horum
1347 347 1483 379 consiliis
1506 348 1614 388 populi
1632 349 1714 388 prin-

202 402 350 442 cipesque
371 412 404 432 se
424 402 658 433 committerent
668 402 688 438 ⁵,
709 412 771 433 non
790 404 838 433 tot
859 402 1101 433 dissentionibus
1127 413 1188 434 non
1219 404 1317 434 tantis
1345 405 1455 444 utique
1475 404 1565 436 belh's
1577 405 1588 422 ⁶
1607 408 1712 436 noster

204 459 255 490 hic
276 459 360 490 orbis
381 458 513 490 arderet.
536 459 655 496 Quibus
676 469 773 499 quum
794 458 1003 499 undequaque
1021 459 1173 499 implicita
1187 470 1224 491 ac
1238 461 1426 500 perturbata
1439 461 1501 492 sint
1516 462 1631 500 omnia,
1644 462 1711 494 sola.

207 518 264 547 tua
284 516 393 547 civitas
414 515 621 547 saluberrimo
641 516 767 548 consilio
787 526 897 556 expers
919 519 1015 556 atque
1035 516 1181 547 immunis
1202 517 1354 549 habetur:
1370 528 1389 549 a
1410 519 1525 558 quibus
1543 529 1640 559 quam
1653 519 1708 550 diu

201 575 380 613 temporum
402 573 589 604 abstinuerit
609 583 686 610 sese,
708 569 882 605 validiores
895 573 1041 604 continue
1061 573 1295 614 floridioresque
1320 585 1369 606 res
1397 585 1469 607 suas
1495 575 1621 607 videbit.
1644 576 1711 608 Hoc

203 631 353 661 nimirum
374 631 420 661 ita
439 630 593 666 futurum,
621 633 708 662 certa
734 630 877 662 omnibus
903 630 979 661 fides
1008 633 1063 667 est,
1092 631 1197 670 qu0d⁷
1227 632 1472 671 sapientissimus
1500 633 1541 664 sit
1567 632 1711 671 Senatus,

199 687 462 728 prudentissimus
483 688 522 718 sit
543 687 608 719 dux
629 689 707 729 ejus,
728 688 926 728 pacatissima
948 688 1035 728 plebs
1055 692 1087 719 et
1108 688 1149 719 ad
1169 699 1326 720 summum
1353 689 1527 729 obsequens
1554 690 1706 730 patribus.

201 746 248 776 Ac
261 748 297 776 tu
311 755 436 785 quoque
448 745 474 776 is
490 746 537 776 vir
552 755 583 776 es
598 745 653 785 qui
667 745 825 776 consultor
835 746 1074 785 moderatorque
1086 745 1132 776 his
1144 747 1316 777 accesseris.
1328 746 1440 786 Itaque
1453 757 1551 787 quum
1561 748 1714 787 omnibus,

202 802 243 834 ad
264 812 342 842 quos
362 805 505 842 spectare
526 802 714 843 Respublica
734 803 924 834 Venetorum
944 806 1055 843 potest,
1077 803 1336 844 congaudendum
1358 805 1406 841 sit⁷
1428 807 1494 835 tum
1513 805 1632 837 civibus
1646 806 1709 837 tuis

202 860 341 891 maxime
360 862 456 900 atque
487 861 595 891 amicis
621 860 684 891 tuis
711 860 816 900 prior⁸
843 863 889 891 est
916 861 981 891 haec
1007 861 1125 891 laetitia.
1155 860 1273 898 Quibus
1301 872 1400 901 quum
1428 862 1591 902 explorata
1619 863 1706 903 prius

201 920 284 948 esset
304 917 521 949 benefaciendi
540 917 693 954 voluntas,
714 928 798 948 nunc
811 928 883 948 cum
898 918 1059 949 voluntate
1074 919 1273 958 conjunctam
1288 921 1474 958 potestatem
1495 919 1610 951 vident.
1628 919 1713 952 Solet

201 979 308 1008 autem
329 977 414 1017 apud
435 976 556 1015 aliquos
576 976 754 1015 principum
776 975 908 1007 officium
936 976 1151 1016 hujuscemodi
1172 977 1332 1017 abjectum
1354 986 1428 1014 esse,
1441 979 1609 1017 propterea
1622 977 1717 1017 quod,

200 1044 300 1074 quum
322 1034 426 1065 omnia
446 1034 513 1064 sine
533 1033 653 1064 ratione
674 1033 740 1063 sine
760 1033 904 1064 doctrina
924 1033 1011 1070 fiant,
1033 1033 1074 1064 ad
1095 1043 1131 1064 ea
1146 1036 1252 1064 tamen
1268 1033 1375 1064 literas
1388 1033 1526 1074 exigunt,
1542 1034 1575 1064 in
1597 1034 1712 1074 quibus

204 1101 312 1122 carere
333 1091 432 1122 literis
451 1101 514 1121 non
536 1093 672 1130 possunt.
694 1090 788 1130 Apud
809 1090 939 1130 populos
960 1093 1067 1121 tamen
1088 1100 1210 1130 semper
1229 1091 1378 1122 honestus
1399 1093 1446 1122 est
1464 1091 1516 1122 hic
1537 1091 1652 1132 gradus
1678 1094 1712 1123 et

200 1148 345 1189 dignitas,
368 1152 401 1179 ut
421 1148 507 1188 apud
526 1148 603 1179 alios
624 1148 751 1187 quidem
778 1147 939 1187 praeclara,
967 1148 1013 1178 ita
1040 1148 1124 1188 apud
1145 1151 1236 1179 tuum
1264 1148 1465 1188 amplissima,
1492 1158 1588 1188 penes
1614 1159 1710 1189 quem

202 1206 423 1247 magistratum
437 1206 477 1237 sit
490 1206 629 1237 omnium
642 1206 838 1245 negotiorum
853 1223 891 1227 —
906 1205 1044 1237 omnium
1060 1216 1165 1237 rerum
1180 1206 1368 1237 conscientia
1381 1225 1420 1228 --
1431 1208 1527 1246 atque
1542 1216 1580 1237 ex
1595 1217 1712 1247 magna

200 1266 290 1304 parte
305 1263 475 1294 consilium.
493 1262 567 1302 Quae
581 1273 652 1294 cuni
667 1263 713 1293 ita
727 1263 800 1300 sint,
815 1273 853 1293 ex
866 1265 898 1293 te
913 1265 1019 1294 tamen
1034 1263 1104 1302 plus
1118 1262 1163 1293 illi
1179 1263 1297 1294 decoris
1312 1273 1349 1294 ac
1362 1263 1526 1304 dignitatis
1541 1273 1636 1304 quam
1653 1264 1714 1295 tibi

200 1330 238 1352 ex
259 1320 313 1351 illo
334 1323 521 1352 eventurum
543 1323 597 1351 est.
620 1320 732 1351 Functi
753 1323 825 1351 sunt
846 1320 927 1351 enim
939 1321 950 1337 ‘³
981 1330 1018 1350 ea
1039 1320 1111 1350 sede
1132 1320 1275 1360 plerique
1300 1321 1407 1361 magni
1432 1320 1500 1358 viri,
1522 1331 1655 1361 quorum
1678 1324 1710 1353 et

199 1377 318 1418 scripta
338 1380 448 1409 extant
469 1381 501 1409 et
522 1377 765 1409 innumerabiles
793 1377 940 1417 epistolae.
968 1378 1055 1408 Inter
1080 1378 1156 1409 alios
1184 1378 1371 1409 Benintendi
1399 1378 1459 1409 hac
1485 1381 1579 1409 fetate
1604 1377 1715 1410 floruit

198 1439 230 1469 et
251 1436 395 1468 doctrina
415 1446 472 1467 sua
493 1439 524 1467 et
545 1446 583 1467 ex
609 1436 768 1466 Francisco
787 1435 938 1466 Petrai-ca
958 1435 1108 1476 cognitus,
1127 1435 1192 1466 acri
1207 1436 1255 1466 vir
1269 1435 1402 1475 ingenio⁷
1417 1438 1625 1476 promptaque
1639 1446 1706 1467 ora-

199 1494 293 1526 tione.
316 1494 390 1525 Post
410 1503 483 1524 euin
505 1493 622 1533 (nescio
643 1493 669 1524 si
690 1503 766 1533 quos
785 1494 952 1532 praetereo)
973 1493 1020 1523 vir
1040 1492 1139 1524 bonus
1160 1502 1196 1523 ac
1215 1492 1363 1532 prudens,
1387 1503 1497 1532 nuper,
1520 1492 1640 1530 Petrus,
1661 1502 1710 1523 ve-

199 1554 337 1583 strarum
365 1551 469 1591 legum
483 1552 504 1567 ¹¹³
531 1554 563 1581 et
588 1550 684 1582 civilis
711 1550 859 1581 doctrinae
883 1550 1012 1590 peritus,
1039 1550 1093 1589 qui
1118 1552 1224 1580 tamen
1249 1559 1355 1580 omnes
1382 1549 1474 1581 facile
1485 1550 1515 1587 Π,
1539 1550 1565 1580 si
1594 1550 1711 1587 vivant,

198 1609 311 1640 virtuti
332 1612 430 1648 atque
451 1608 619 1640 eruditioni
641 1611 704 1639 tuae
720 1608 900 1639 concedant.
922 1607 968 1638 Tu
983 1607 1091 1646 itaque
1106 1607 1300 1638 desideratus
1313 1608 1334 1624 ¹²⁷
1356 1617 1396 1641 es,
1418 1608 1472 1647 qui
1484 1608 1505 1624 ¹³
1527 1617 1710 1647 supremum

197 1667 272 1698 huic
293 1666 417 1706 fastigio
438 1667 589 1706 adjiceres
610 1667 711 1698 decus.
735 1665 815 1697 Nam
837 1665 1068 1705 Epaminondas
1089 1666 1226 1706 quidem,
1246 1665 1350 1697 clarus
1366 1665 1429 1696 dux
1442 1665 1472 1702 ¹⁴¹,
1494 1675 1566 1696 cum
1585 1665 1616 1697 ei
1629 1665 1713 1706 igno-

196 1723 261 1756 bile
281 1734 301 1754 a
321 1724 438 1755 civibus
466 1725 529 1756 suis
558 1734 672 1755 munus
685 1724 705 1740 ¹⁵
727 1723 912 1755 mandatum
940 1727 1028 1760 esset,
1058 1733 1156 1762 usque
1182 1723 1260 1753 adeo
1288 1733 1364 1753 cura
1391 1733 1427 1753 ac
1454 1723 1622 1763 maiestate
1651 1732 1710 1754 sua

198 1781 332 1822 dignum
353 1781 433 1812 illud
455 1780 566 1817 effecit,
588 1784 625 1812 ut
644 1781 757 1811 summi
776 1783 886 1820 postea
907 1781 966 1811 viri
991 1791 1063 1812 euin
1087 1781 1146 1812 sibi
1170 1781 1285 1812 honore
1297 1781 1319 1797 ¹⁶
1340 1780 1563 1812 desiderarent.
1582 1780 1631 1811 Tu
1648 1790 1712 1811 ma-

195 1849 292 1880 gnum
305 1840 326 1856 ¹⁷
346 1842 442 1879 atque
463 1839 603 1878 amplum
623 1838 757 1870 officium
777 1841 896 1875 nactus,
918 1838 1034 1869 virtute
1056 1849 1093 1869 ac
1114 1838 1279 1879 diligentia
1297 1841 1354 1869 tua
1369 1838 1594 1878 amplissimum
1607 1838 1708 1878 splen-

195 1896 452 1936 didissimumque
473 1896 593 1933 reddes,
614 1897 722 1927 amicis
743 1906 779 1927 ac
799 1896 980 1927 necessariis
1001 1896 1097 1927 honos
1113 1899 1143 1927 et
1159 1896 1313 1927 certum18
1334 1895 1528 1935 praesidium.
1553 1895 1613 1934 Qui
1630 1895 1714 1926 enim

197 1954 251 1984 diu
273 1954 386 1987 vixisti.
407 1964 520 1994 parum
541 1954 610 1991 tibi,
631 1954 742 1993 patria}
764 1954 910 1990 multum,
932 1954 1038 1985 neutri
1058 1954 1144 1991 satis,
1166 1964 1248 1984 nunc
1270 1956 1301 1985 et
1321 1954 1431 1993 patriae
1458 1956 1489 1984 et
1509 1953 1567 1984 tibi
1590 1955 1620 1984 et
1641 1953 1705 1984 tuis

197 2012 318 2051 pariter
339 2012 423 2042 vivas
444 2011 542 2042 decet.
565 2011 643 2042 Vale
665 2014 695 2043 et
716 2021 766 2042 me
788 2013 878 2042 tuum
900 2011 989 2042 habe.

207 2106 215 2122 ¹
236 2104 290 2132 Cic.
314 2105 457 2139 sapientes
479 2112 508 2132 se
533 2104 668 2133 credant:
689 2104 717 2131 in
744 2104 869 2138 margine
892 2113 936 2132 sa-
984 2106 994 2121 ς’
1014 2105 1090 2133 Ram.
1111 2105 1196 2132 eliam.

227 2149 377 2183 piolztilms
976 2151 996 2166 ¹0
1017 2149 1093 2176 llum.
1114 2151 1209 2176 tamen
1228 2149 1372 2176 orationes

207 2194 217 2211 2'
237 2193 322 2221 Hoff:
344 2194 379 2220 iis
977 2195 995 2211 ¹¹
1017 2194 1061 2222 ΒΓ.
1082 2193 1142 2222 PM.
1163 2202 1259 2221 onmes
1279 2193 1365 2226 facile

205 2239 216 2255 3
236 2238 297 2265 Cosi
314 2237 341 2265 iu
356 2237 482 2273 margine
496 2238 550 2266 Cic.
565 2238 617 2265 Nei
631 2237 936 2272 ‹lo-licipermittantur
975 2240 993 2256 Π
1014 2238 1066 2265 Nvi
1086 2238 1171 2266 codici
1191 2238 1368 2265 desideratus

207 2283 217 2299 ⁴
238 2282 290 2310 PP.
311 2291 339 2309 se
974 2285 994 2300 ¹³
1017 2283 1068 2311 PP.
1088 2284 1158 2317 quia.

205 2328 216 2344 ⁵
235 2327 299 2354 Cos}
319 2326 348 2354 in
368 2327 492 2362 margin»¹
512 2327 565 2355 Cic.
586 2327 637 2355 Nei
655 2327 742 2355 codici
756 2327 935 2355 coatmzitlwet
972 2329 991 2344 ¹⁴
1013 2327 1066 2354 Cic.
1087 2327 1266 2355 clarissimus
1286 2327 1345 2354 (las

206 2373 216 2388 ὓ
237 2371 291 2399 Cic.
312 2372 378 2399 bem
972 2373 993 2389 ¹5
1013 2371 1066 2399 Cic.
1085 2379 1173 2406 super
1191 2379 1305 2399 omanus.
1324 2371 1358 2398 In
1374 2370 1500 2403 margine
1516 2370 1617 2398 omette
1630 2377 1719 2404 super

209 2417 219 2433 ⁷
240 2416 295 2443 PP.
313 2425 399 2451 quam
975 2418 995 2433 Ν
1015 2416 1076 2443 Cosi
1096 2416 1150 2444 Cic.
1171 2415 1217 2443 Gli
1235 2415 1300 2443 altri
1319 2416 1455 2443 honorem

206 2461 217 2477 ⁸
238 2461 315 2487 Ram.
336 2460 395 2488 PM.
409 2462 503 2495 prior.
524 2461 569 2488 ΒΥ.
586 2461 662 2496 pior,
688 2460 759 2489 forse
777 2461 902 2495 propior
921 2468 935 2488 o
973 2462 992 2478 ¹7
1014 2460 1082 2488 Rosff.
1103 2461 1290 2495 maqnificztm

226 2505 375 2540 proprior.
395 2505 596 2540 P11.1»·0p›·m.
617 2506 670 2534 Cic.
684 2506 824 2541 proprior
974 2506 994 2522 ¹3
1015 2505 1069 2533 Cic.
1089 2514 1122 2533 ac
1142 2506 1250 2532 certum

1830 1192 1845 1316 Assdnssa
1833 1183 1838 1185 ¹

1839 1718 1845 1751 ,ὅ
1842 1704 1845 1709 .
1831 1319 1845 1688 -;,ωω“.ι.ὶκ
