1845 3076
757 191 891 215 mnsrom
1517 180 1573 210 147

71 287 199 309 suorum
225 277 400 317 agebatur)
420 275 541 314 ductus,
572 276 604 305 in
633 275 727 315 hujus
757 275 912 306 exercitus
939 277 1061 314 partem
1089 273 1182 304 venit.
1216 274 1292 303 Cum
1315 273 1362 304 his
1391 273 1509 312 igitur¹
1541 275 1573 303 et

70 335 208 375 quinque
229 333 367 364 millibus
389 333 399 349 ²
427 332 596 364 electorum
627 332 778 372 equitum,
806 331 945 371 peditum
968 330 1087 361 duobus
1107 330 1252 361 millibus.
1283 329 1354 360 Dux
1375 329 1484 369 quinto
1505 328 1573 359 idus

73 391 148 431 maji
167 391 255 430 signa
277 389 379 421 efferri
397 390 498 429 jussit,
521 390 551 419 in
568 389 676 428 primis
696 388 834 429 guelfum
853 389 863 403 ⁷³
885 388 984 418 lilium
1006 388 1121 418 rubens
1140 387 1249 427 populi
1269 386 1436 423 florentini⁷
1450 405 1489 409 —
1503 388 1572 426 post

69 448 248 479 flammeum
270 457 396 478 currum
418 447 427 463 ⁴
455 446 587 477 candido
616 455 724 485 eampo
745 445 935 480 distinctum,
962 463 999 466 —
1027 445 1122 484 hujus
1143 443 1298 484 magnifici
1319 444 1467 483 principis
1488 443 1575 474 clara

70 505 167 545 signa,
189 523 228 527 -
248 504 378 535 subinde
399 513 522 535 crucem
544 503 674 534 rubeam
695 502 808 533 croceis
828 501 900 532 liliis
921 503 1167 541 superornatam,
1189 501 1295 541 populi
1318 501 1511 532 bononiensis
1531 500 1575 530 in·

71 562 178 602 signia.
210 562 368 593 Postremo
400 561 496 597 ducis,
528 563 560 591 et
591 570 706 597 eorum,
739 559 793 599 qui
825 559 916 599 primi
948 560 978 589 in
1011 559 1149 589 exercitu
1181 558 1324 595 aderant,
1355 558 1442 598 signa
1473 558 1575 589 subse-

75 621 175 660 quuta
195 621 277 650 sunt.

154 675 326 716 Progressis
342 676 450 715 itaque
461 675 552 706 laetis
569 675 580 691 5
595 685 632 706 ex
647 674 725 705 urbe
741 677 773 705 et
786 673 931 713 paduano
946 683 1030 713 agro,
1046 673 1181 713 primum
1196 672 1417 703 transvadendi
1431 672 1555 703 Athesis
1565 672 1576 688 ⁰

75 733 174 765 facilis
194 732 283 764 labor
303 732 371 770 fuit,
393 743 490 772 quum
511 734 543 763 et
564 732 793 763 clementiorem
809 741 841 761 se
863 730 952 761 solito
972 730 1102 770 placidis
1123 730 1211 769 aquis
1231 730 1405 769 praeberet,
1428 731 1458 760 et
1479 739 1576 769 parva

76 790 242 822 admodum
264 789 400 821 hostium
421 799 540 827 manus,
560 799 642 829 quae
663 787 844 828 speculandi
865 789 989 818 tantum
1011 787 1114 827 gratia
1134 790 1272 825 venerat,
1303 787 1335 817 in
1356 786 1486 817 adversa
1506 787 1576 826 ripa

77 847 265 878 consisteret.
287 846 342 877 His
364 846 480 886 fugatis
501 847 520 884 ⁷,
549 846 762 886 perductoque
784 846 795 861 ⁸
815 844 957 881 esereitu,
986 844 1026 875 ad
1048 845 1159 875 fossam
1186 844 1196 860 ⁵¹

1224 847 1350 874 ventum
1373 847 1419 874 est
1439 843 1576 883 amplam

75 907 107 936 et
128 903 323 944 profundam,
345 914 440 944 quam
460 903 602 934 dominus
623 903 779 934 Antonius
799 903 835 933 de
857 902 889 933 Ia
910 901 1015 939 Scala,
1037 902 1059 918 ¹⁰
1072 904 1108 932 ut
1128 901 1287 932 veronensi
1315 911 1390 940 agro
1411 901 1490 932 bene
1511 911 1578 931 con-

72 961 199 998 suleret,
220 964 379 993 struxerat
393 961 412 978 ¹¹
434 961 554 1001 magnis
575 960 729 1000 impensis
751 970 786 991 eo
808 960 898 997 bello,
920 959 1002 999 quod
1024 959 1154 989 nimium
1175 958 1232 989 sibi
1254 958 1352 989 fidens
1373 968 1443 988 cum
1464 958 1578 988 animo-

72 1018 189 1050 sissimo
218 1019 395 1058 principum
425 1018 550 1049 domino
575 1017 742 1048 Franci-sco
769 1018 804 1048 de
830 1017 981 1048 Carraria
1007 1016 1130 1047 Senior-e
1157 1016 1343 1046 acerrimum
1360 1016 1381 1032 ¹²
1413 1014 1578 1046 infeliciter

72 1078 188 1116 egerat.
210 1076 355 1115 Aequato
382 1075 448 1115 ejus
469 1074 566 1105 fossae
593 1084 715 1114 aggere,
743 1076 897 1113 quantum
918 1073 1090 1104 transituro
1118 1073 1269 1103 exercitui
1289 1072 1366 1103 satis
1388 1072 1456 1109 fuit,
1478 1072 1579 1103 dimis-

71 1141 166 1172 soque
194 1132 348 1172 praesidio
370 1132 398 1163 ei
417 1132 544 1162 stationi
572 1135 606 1162 ut
627 1131 728 1162 locum
758 1134 860 1161 tutum
888 1133 1027 1161 servaret
1049 1130 1089 1161 ad
1110 1129 1256 1167 reditum,
1285 1129 1358 1166 dux,
1387 1133 1423 1160 ut
1444 1130 1578 1161 militum

71 1189 192 1220 animos
211 1189 378 1220 alacriores
398 1188 553 1228 redderet,
574 1187 739 1228 pauculam
761 1187 943 1225 orationem,
963 1187 1017 1227 qui
1039 1197 1134 1218 manu
1150 1190 1182 1218 et
1202 1186 1358 1218 industria
1377 1187 1479 1226 potior
1500 1189 1580 1218 esset

71 1255 168 1286 quam
190 1246 306 1286 lingua,
327 1246 367 1276 ad
388 1256 438 1277 eos
458 1245 491 1276 in
511 1245 594 1276 hunc
614 1245 739 1276 modum
760 1245 879 1276 habuit.

154 1315 170 1331 «
183 1302 263 1333 Satis
284 1303 410 1334 abunde
431 1303 589 1342 copiarum
605 1303 626 1319 ¹³
647 1302 798 1333 habemus
818 1301 941 1339 milites,
957 1302 982 1333 si
997 1311 1066 1332 eum
1083 1302 1231 1338 animum,
1252 1312 1345 1341 quem
1366 1302 1579 1341 unusquisque

70 1372 87 1388 »
102 1360 161 1391 sibi
189 1359 264 1391 tulit
286 1370 323 1391 ex
344 1360 431 1397 urbe,
458 1360 606 1390 adversus
632 1359 751 1390 hostem
773 1362 804 1390 et
824 1360 856 1389 in
885 1369 990 1399 pugna
1017 1358 1220 1390 servaveritis,
1251 1358 1422 1389 Plurimam
1452 1358 1579 1398 quidem

70 1429 87 1445 >›
104 1417 183 1448 bene
203 1417 358 1457 gerendae
372 1417 418 1448 rei
431 1427 517 1456 spem
531 1416 607 1447 mihi
621 1416 756 1456 concepi,
772 1426 867 1456 quum
884 1416 1053 1447 animosam
1076 1416 1271 1446 alacritatem
1285 1418 1421 1446 vestram
1441 1416 1578 1454 intueor,

69 1486 86 1502 >³
102 1474 305 1514 persuasique
333 1474 407 1504 mihi
424 1474 454 1511 ¹⁴,
481 1473 568 1504 nullo
589 1473 679 1504 modo
699 1473 767 1504 fieri
796 1483 893 1513 posse,
918 1476 954 1504 ut
973 1473 998 1503 is
1016 1473 1035 1490 ¹⁵
1050 1473 1171 1504 animus
1191 1473 1256 1504 sine
1271 1473 1401 1504 victoria
1422 1472 1532 1504 redeat
1546 1472 1577 1503 ¹⁶.

68 1543 85 1560 »
100 1531 195 1571 Apud
209 1541 261 1562 vos
275 1533 321 1562 est
336 1533 372 1562 ut
386 1530 600 1570 eum‚qualem
615 1530 700 1561 vobis
714 1530 837 1567 fecistis,
854 1530 995 1561 teneatis.
1010 1530 1095 1561 Haec
1110 1530 1160 1561 via
1173 1540 1228 1560 nos
1242 1523 1285 1560 ad
1299 1530 1419 1560 hostem
1442 1529 1536 1560 ducet
1548 1530 1576 1560 ¹⁷.

69 1600 86 1616 »
103 1587 134 1619 Si
147 1588 196 1619 cui
207 1588 337 1628 pavidus
347 1588 368 1605 ¹⁸
382 1590 413 1619 et
426 1587 588 1618 imbecillis
600 1590 646 1618 est
656 1587 788 1624 animus,
802 1587 1012 1627 indignus‚me
1023 1587 1111 1624 duce,
1122 1586 1324 1618 dedecorosus
1335 1597 1417 1618 nunc
1428 1586 1538 1618 redeat
1545 1587 1577 1624 ¹⁹,

41 1660 43 1662 ·
69 1657 86 1675 »
101 1645 176 1676 dum
189 1645 211 1662 ²⁰
230 1645 363 1676 facultas
383 1644 474 1676 adest
488 1645 521 1682 ²¹,
540 1646 571 1676 et
590 1643 704 1675 fortem
724 1645 894 1675 exercitum
915 1645 1027 1684 ignavo
1047 1654 1078 1675 se
1100 1646 1212 1684 purget
1227 1644 1257 1675 2².
1282 1644 1494 1683 Complurima
1514 1654 1578 1675 sae-

69 1714 86 1731 »
102 1702 225 1734 vissima
246 1701 375 1733 fiumina
394 1701 590 1733 transeunda
610 1702 697 1733 nobis
718 1704 800 1740 sunt,
822 1712 878 1741 per
897 1712 979 1741 quae
1000 1701 1206 1732 redeunt-ibus
1227 1701 1293 1732 sola
1313 1701 1442 1732 victoria
1463 1701 1577 1732 vadum

70 1771 87 1788 »
103 1759 204 1790 faciet.
233 1758 331 1790 Salvis
358 1759 498 1790 hostibus
525 1759 647 1799 regredi
674 1769 735 1790 non
763 1768 922 1799 possumus
938 1759 968 1789 ²³.
998 1759 1109 1799 Itaque
1130 1758 1236 1789 nullus
1260 1759 1327 1799 jam
1348 1758 1386 1789 de
1407 1758 1464 1795 hjs,
1494 1768 1577 1798 quae

69 1829 86 1846 »
101 1816 317 1857 relinquimus,
337 1819 496 1856 respectus
516 1816 681 1847 habeatur.
697 1816 765 1847 Illic
779 1816 892 1856 patria,
913 1816 978 1847 illic
990 1816 1109 1853 domus,
1126 1815 1189 1847 illic
1205 1815 1366 1847 universae
1379 1826 1429 1847 res
1443 1818 1577 1853 nostrae,

74 1886 90 1903 »
105 1883 184 1914 quas
199 1874 250 1915 jus
270 1873 346 1905 belli
366 1876 396 1905 et
416 1876 502 1905 certa
522 1874 651 1905 victoria
671 1873 870 1913 possidendas
890 1874 978 1905 nobis
999 1873 1094 1904 dabit.
1118 1873 1269 1904 Vadimus
1288 1873 1321 1903 in
1341 1873 1523 1913 opulentum
1545 1875 1580 1904 et

72 1931 166 1972 »jam
181 1931 235 1962 diu
253 1931 394 1962 hostibus
413 1931 568 1962 intactum
589 1941 709 1971 agrum,
730 1941 822 1970 quem
844 1931 971 1961 fortuna
985 1931 1095 1961 virtuti
1117 1933 1240 1961 nostrae
1260 1930 1413 1961 hactenus
1433 1930 1575 1961 servavit.

72 2001 88 2016 »
104 1988 181 2019 Eum
204 1990 236 2019 et
256 1987 465 2028 amplissimas
486 1988 588 2025 urbes,
617 1987 775 2019 dominum
797 1998 887 2018 suum
907 1997 1044 2028 perosas,
1066 1991 1171 2019 nostro
1187 1988 1208 2004 Ἠ
1224 1987 1314 2019 dabit
1334 1987 1474 2018 arbitrio.
1498 1987 1583 2018 Forti

80 2082 89 2099 ¹
109 2081 173 2108 cod.
191 2080 259 2109 Reff.
278 2080 317 2108 iiis
337 2081 428 2116 &itur
845 2082 866 2098 ¹2
884 2080 951 2108 Reff.
971 2081 1120 2115 copiarum
1138 2081 1264 2115 satisque
1283 2080 1391 2108 virium

78 2127 90 2145 2
107 2126 171 2154 cosi
189 2125 233 2153 nel
253 2126 324 2154 Mur.
343 2134 356 2152 e
375 2125 419 2152 nei
438 2125 532 2160 codici,
547 2133 626 2153 meno
645 2125 665 2152 il
685 2125 738 2154 ΡΡ.
759 2125 807 2153 che
845 2126 866 2142 ¹⁴
886 2125 931 2153 Gr.
945 2125 1081 2160 persuasi
1099 2133 1210 2159 qaoque

102 2169 161 2197 dice
181 2169 256 2198 1000.
282 2169 334 2198 Nei
348 2169 443 2206 codici,
456 2177 533 2198 meno
547 2169 566 2196 il
580 2169 640 2197 PM.
655 2178 668 2197 e
682 2169 710 2197 in
725 2169 804 2205 Mur.⁷
842 2170 863 2187 ¹⁵
882 2169 926 2198 ΒΓ.
946 2178 960 2197 e
979 2169 1034 2197 ΡΡ.
1054 2169 1114 2204 his3
1133 2169 1194 2197 PM.
1214 2177 1228 2196 e
1248 2169 1294 2197 Gr.
1313 2168 1375 2203 ἠὼς
1394 2168 1464 2196 Mur.
1486 2168 1510 2196 is

103 2214 146 2242 0⁷6
164 2214 211 2249 qui
230 2215 324 2248 punto.
841 2215 862 2231 ¹⁶
882 2214 939 2242 ΡΡ.
958 2214 1059 2242 reddat

79 2259 90 2276 ³
109 2258 163 2287 ΡΡ.
181 2258 339 2293 quelplzum
841 2259 862 2276 ¹⁷
882 2258 928 2286 Gr*
948 2258 993 2287 Br.
1014 2258 1074 2286 PM.
1094 2265 1107 2285 e
1129 2257 1200 2285 Mur.
1220 2256 1312 2285 hostes

80 2303 92 2321 ⁴
111 2302 170 2330 PM.
189 2310 304 2330 carrum
844 2303 866 2320 ¹⁸
883 2302 953 2331 Mur.
972 2303 998 2330 si
1016 2302 1178 2337 impavidas

80 2348 92 2365 ⁵
110 2346 170 2374 PM.
190 2346 248 2374 dice
267 2346 315 2374 che
334 2346 363 2374 in
381 2345 452 2374 altro
471 2346 529 2374 cod.
549 2348 592 2374 sta
612 2346 689 2374 lectis
844 2348 864 2364 ¹⁹
882 2347 937 2376 ΡΡ.
959 2346 1077 2382 retlclat3
1096 2346 1167 2374 Mur.
1187 2346 1394 2380 ‹ledecorusque
1412 2346 1509 2373 redeat

80 2392 92 2409 ⁶
111 2391 156 2420 Gr.
176 2390 384 2419 transvadandi
400 2390 531 2419 Athesim
841 2393 864 2409 ‘²0
882 2391 954 2421 Mur.
973 2399 1063 2426 quum

81 2436 92 2454 ⁷
110 2434 179 2464 Reff.
198 2443 212 2462 e
231 2434 276 2462 Gr.
296 2434 333 2462 iis
350 2435 462 2471 fuyatis
844 2437 864 2453 ²¹
884 2436 955 2464 Mur.
974 2436 1049 2464 adsit

80 2480 92 2497 ⁸
111 2479 157 2507 Gr.
169 2479 366 2514 productoque
842 2481 865 2499 ‘³²
883 2480 954 2508 Mur.
972 2481 1121 2516 νομινρεές
1140 2480 1186 2508 Br.
1206 2488 1219 2507 e
1239 2480 1300 2507 PM.
1319 2480 1451 2514 sepuryet

80 2524 92 2542 ⁹
109 2523 164 2552 ΡΡ.
184 2523 306 2551 Fossam
842 2525 864 2542 ‘2³
883 2524 936 2552 Nei
960 2523 1046 2552 codici
1070 2524 1201 2559 inqredi3
1227 2524 1273 2552 Gr.
1299 2530 1429 2559 corregge
1455 2523 1484 2551 iu
1511 2530 1582 2551 mar—

70 2567 93 2586 ¹⁰
110 2567 180 2595 Mur.
199 2576 214 2596 e
232 2567 286 2596 ΡΡ.
306 2568 353 2603 qui
372 2575 475 2603 aprono
493 2569 521 2597 la
539 2569 675 2603 parentesi
874 2568 956 2604 gine3
975 2568 1036 2596 PM.
1050 2568 1196 2603 possimus

71 2612 91 2630 ¹¹
110 2611 166 2640 ΡΡ.
184 2613 328 2640 struxerat
842 2615 864 2631 ‘²⁴
885 2613 930 2641 Gr.
950 2614 1041 2641 vestro

71 2656 93 2675 ¹²
111 2656 165 2684 ΡΡ.
185 2655 354 2686 acerrimam
