1845 3076
254 170 291 200 58
887 182 910 204 Ρ.
934 182 958 204 P.
980 182 1127 205 vsneiznio

253 262 433 302 impuberes
455 262 544 299 filios,
559 281 598 285 -—
614 274 751 302 uxorem,
764 265 823 295 etsi
838 266 1037 305 prudentem,
1052 267 1220 298 foeminam
1234 270 1350 306 tamen,
1368 271 1399 299 et
1413 280 1493 309 quae
1509 274 1583 301 ante
1599 271 1703 302 omnia
1717 272 1771 303 mi-

251 319 433 349 serrimum¹
450 319 545 350 ducat
560 330 596 351 eo
611 321 674 351 viro
689 331 806 359 carere,
819 341 857 344 —
868 333 941 362 opes
957 324 1085 363 exiguas
1096 335 1132 354 ac
1144 325 1368 364 propemodum
1384 326 1494 357 nullas
1510 327 1545 357 In
1559 327 1605 358 his
1617 329 1769 369 augustiis

252 386 365 415 magno
385 386 462 415 opus
484 379 530 407 est
551 377 742 417 adjumento,
765 379 847 418 quod
868 379 933 419 ipse
955 383 1115 420 praestare
1137 381 1263 412 abunde
1284 385 1370 421 potes
1392 385 1423 413 et
1443 383 1551 415 sedulo
1572 388 1701 424 prestas.
1726 386 1762 416 In

250 443 312 473 quo
333 443 454 464 summa
482 433 607 464 virtutis
634 438 730 475 atque
758 436 877 467 consilii
897 438 937 468 sit
959 447 1043 474 cura,
1073 437 1186 469 liberi²
1214 441 1250 470 ut
1272 439 1359 469 bonis
1381 440 1502 471 artibus
1530 441 1718 473 erudiantur
1738 445 1770 473 et

250 501 347 532 quam
375 491 525 522 simillimi
553 492 664 532 patri³
694 493 763 524 sint.
795 493 948 525 Relictam
977 494 1146 526 adhortare
1174 498 1205 526 et
1236 496 1267 526 in
1298 496 1413 527 bonam
1440 507 1526 537 spem
1548 499 1641 538 erige,
1668 509 1764 539 quam

249 549 375 589 quidem
399 559 437 580 ex
458 550 678 589 superstitibus
699 551 791 588 natis,
819 554 909 582 tanto
931 554 1021 591 patre
1043 552 1165 592 genitis·‚
1189 553 1349 593 concipere
1377 555 1600 594 amplissimam
1622 556 1768 595 110101114.

250 605 340 644 Quod
354 606 512 646 reliquum
527 611 572 638 est
587 618 693 638 rerum
713 608 805 639 stude
820 612 855 639 ut
870 612 1021 645 servetur,
1036 612 1135 649 utque
1149 610 1328 641 haereditas
1342 622 1379 642 ex
1396 612 1555 642 fructuum
1577 613 1767 652 parsimonia

250 663 448 704 honestisque
478 664 573 695 lucris
601 668 764 705 augeatur.
793 676 985 706 quamquam
1006 667 1061 697 illa
1077 667 1315 707 opulentissima
1342 669 1383 699 sit
1404 669 1592 705 haereditas,
1621 680 1709 701 veros
1730 680 1766 701 ac

247 724 350 752 certos
362 723 477 753 amicos
493 725 524 753 et
539 722 705 762 gloriosum
721 723 752 753 in
767 723 851 753 omni
866 724 1015 755 memoria
1031 734 1143 755 nomen
1158 725 1328 764 reliquisse.
1346 724 1545 765 Scripseram,
1572 727 1612 757 ad
1627 727 1764 766 primum

249 779 357 810 mortis
379 779 444 819 ejus
464 790 631 817 rumorem,
654 780 818 820 epistolam
840 780 975 820 plenam,
1006 784 1041 811 ut
1063 792 1117 821 ego
1139 791 1234 818 eram,
1264 782 1369 813 dolore
1391 786 1423 813 et
1449 783 1604 824 lacryniiS‚
1630 794 1725 824 quam
1747 785 1768 822 ⁵,

253 836 301 867 his
321 837 394 876 ipsis
417 837 605 874 vetantibus,
633 838 788 877 complere
809 848 871 869 nou
893 839 987 878 potui.
1011 838 1109 878 Saepe
1130 842 1208 879 post,
1238 840 1373 879 impetus
1402 840 1472 877 fuit,
1505 851 1629 880 quoquo
1648 841 1658 857 ⁶
1680 841 1770 872 modo

249 904 378 934 possem,
399 894 495 925 finem
516 895 563 925 illi
584 895 668 926 dare.
700 894 789 933 Quod
817 896 937 935 quoties
960 895 1123 935 adgressus
1151 907 1230 934 sum,
1261 898 1353 928 toties
1375 897 1473 928 victus
1496 898 1612 929 destiti.
1640 898 1769 938 Refugit

253 951 335 982 enim
356 962 443 982 1110113
460 955 564 983 tantos
578 952 699 983 dolores
716 963 753 983 ex
770 953 891 993 integro
912 964 1070 984 renovare.
1089 954 1201 993 Itaque
1222 954 1404 994 perficiendi
1423 955 1586 986 consilium
1601 955 1770 993 intermisi;

253 1008 348 1049 idque
370 1011 562 1049 propositum
585 1009 684 1047 indui,
705 1013 741 1040 ut
761 1011 943 1041 memoriam
965 1011 1031 1051 ejus
1053 1021 1176 1051 semper
1198 1022 1269 1042 cum
1288 1012 1487 1052 jucunditate
1509 1013 1710 1044 celebrarem.
1730 1032 1768 1036 —-

250 1065 360 1097 Placet
382 1066 547 1097 consilium
563 1066 575 1083 ⁷
595 1067 634 1098 de
660 1067 853 1099 bibliotheca
878 1068 1047 1104 servanda3
1069 1071 1177 1108 utque,
1204 1079 1242 1100 ne
1263 1069 1335 1100 libri
1358 1069 1577 1101 distrahantur
1592 1070 1611 1109 ⁸,
1634 1070 1738 1110 placet
1757 1071 1768 1087 ⁹

247 1124 331 1163 quod
351 1123 543 1164 superfluam
563 1124 791 1164 supellectilem
812 1125 903 1156 vendi
921 1125 1096 1165 jusseritis;
1118 1125 1245 1165 placent
1260 1126 1396 1167 denique
1417 1127 1521 1158 omnia
1542 1138 1623 1167 quae
1639 1138 1658 1158 a
1676 1128 1763 1160 vobis

244 1181 418 1212 constituta
438 1184 520 1219 sunt,
542 1181 574 1212 in
595 1181 710 1222 quibus
732 1184 788 1213 tua
809 1185 840 1213 et
860 1183 1014 1223 sagacitas
1036 1186 1067 1214 et
1088 1183 1256 1223 prudentia
1277 1184 1449 1224 plurimum
1466 1185 1632 1215 elucentffl.
1664 1185 1769 1216 Unum

247 1240 292 1269 est
315 1238 399 1278 quod
420 1249 541 1276 verear,
563 1249 675 1279 pueros
696 1249 789 1279 penes
811 1242 943 1271 matrem
964 1239 1141 1271 educandos
1164 1251 1237 1272 esse.
1252 1241 1317 1271 Etsi
1333 1242 1415 1272 enim
1437 1242 1678 1281 prudentissima
1699 1253 1760 1274 mo-

246 1295 507 1336 deratissimaque
529 1295 665 1328 foemina
679 1297 727 1333 sit,
749 1306 857 1328 vereor
872 1300 988 1336 tamen,
1004 1307 1042 1328 ne
1058 1297 1141 1328 illius
1161 1298 1368 1339 indulgentia,
1384 1302 1421 1330 ut
1436 1302 1510 1330 sunt
1524 1309 1630 1330 omnes
1645 1302 1762 1331 matres

246 1353 279 1383 in
294 1352 374 1383 filios
388 1363 484 1393 supra
497 1354 516 1370 ¹¹
533 1364 629 1394 quam
643 1364 780 1394 aequum
795 1358 850 1392 est,
867 1365 964 1394 prone
978 1355 1091 1386 liberos
1106 1358 1287 1396 corrumpat
1299 1356 1328 1387 ¹².
1347 1356 1392 1387 De
1409 1356 1467 1388 hoc
1482 1359 1527 1394 tu,
1544 1357 1597 1397 qui
1611 1367 1757 1397 praesens

246 1420 286 1448 es,
308 1410 430 1441 videris.
454 1410 540 1442 Vale.

938 1602 1078 1633 XXXIX.

524 1692 678 1725 JOANNI
700 1693 949 1726 BONONIENSI
971 1695 1135 1727 PHlSlCO
1157 1695 1185 1727 S.
1207 1695 1245 1726 D.
1267 1695 1475 1727 VENETIAS.

750 1778 876 1807 PADUAE,
899 1778 929 1800 XI
951 1779 1017 1801 mr..
1041 1779 1164 1809 APfflms,
1190 1772 1275 1802 1395.

460 1845 528 1880 (Br.
542 1853 573 1879 2).
594 1845 613 1872 3
633 1853 646 1872 e
666 1846 703 1872 71
725 1846 754 1875 t,·
775 1861 806 1864 —
831 1845 882 1873 Gr.
902 1854 924 1874 c.
945 1846 1020 1879 12.3,-
1044 1863 1073 1865 —
1096 1846 1166 1874 PM.
1186 1855 1207 1874 c.
1228 1848 1264 1874 51)
1278 1855 1286 1879 ,·
1307 1864 1338 1866 -
1359 1847 1422 1874 ΡΡ.
1442 1856 1470 1874 n.
1490 1848 1550 1882 32).

327 1924 349 1954 F
352 1924 480 1955 allacias
501 1927 605 1955 tecum
620 1928 813 1956 commentus
826 1926 846 1942 ¹³
862 1935 939 1962 sum,
956 1926 1009 1965 qui
1025 1925 1132 1957 literas
1148 1936 1232 1957 meas
1247 1926 1337 1957 datas
1352 1926 1427 1957 finxi
1444 1937 1504 1967 quo
1519 1930 1660 1967 tempore
1674 1927 1765 1958 datas

247 1983 397 2014 volebam.
420 1982 457 2013 In
478 1992 542 2022 qua
562 1993 596 2013 re
618 1982 696 2013 nihil
718 1986 764 2013 est
787 1983 870 2023 quod
898 1986 1038 2014 caeteros
1059 1993 1097 2014 ex
1119 1994 1207 2015 mora
1235 1994 1368 2015 accuses.
1397 1984 1461 2025 Ego
1489 1985 1571 2016 enim
1592 1985 1658 2024 ipse
1683 1994 1761 2022 sum,

244 2041 300 2081 qui
320 2040 543 2080 negligentiam
565 2051 667 2071 meam
688 2040 849 2071 callidiore
871 2041 1008 2081 quadam
1029 2041 1194 2081 diligentia
1217 2045 1322 2082 tegere
1344 2044 1475 2073 conatus
1496 2052 1572 2073 sum.
1596 2041 1676 2081 Quia
1701 2042 1766 2073 lon·

247 2098 347 2139 giores
369 2098 443 2134 dixi.v
465 2098 624 2129 extimasti
637 2098 657 2115 1⁴
680 2098 828 2135 fortassis,
849 2099 1020 2130 instituisse
1042 2109 1090 2129 me
1112 2102 1215 2130 tecum
1237 2100 1269 2130 in
1284 2100 1327 2130 eis
1342 2099 1439 2136 litem,
1461 2099 1543 2140 quod
1571 2099 1677 2130 studia
1698 2109 1768 2130 mea

243 2155 440 2196 improbaras
452 2156 482 2192 ¹5,
499 2158 554 2186 aut
569 2155 668 2187 inesse
683 2155 804 2196 aliquid
819 2156 1023 2196 quamobrem
1037 2159 1204 2197 tantopere
1218 2157 1395 2188 desideravi
1407 2157 1448 2188 ad
1461 2159 1493 2188 te
1508 2157 1650 2188 deterere
1663 2157 1693 2188 ¹⁶.
1707 2156 1768 2188 Sed

256 2233 262 2248 ¹
285 2231 339 2258 ΡΙ).
361 2231 556 2259 miserrimam
1026 2233 1046 2249 Γ)
1066 2232 1111 2261 Gr.
1132 2234 1321 2267 eorrunzpant

255 2277 265 2293 ‘2
286 2276 347 2303 0031
368 2275 434 2303 Reti.
455 2286 468 2303 e
488 2276 533 2303 Rs.
554 2275 603 2309 773
624 2276 670 2304 Gli
690 2275 772 2304 altri:
794 2276 897 2304 liberos
1024 2277 1044 2294 ¹³³
1064 2277 1109 2305 ΒΓ.
1124 2285 1148 2311 p.
1164 2277 1197 2304 74
1211 2277 1230 2305 t.
1251 2286 1263 2304 e
1284 2277 1351 2305 Rexit
1371 2278 1593 2311 comnmnlulus3
1615 2277 1678 2304 0031
1692 2275 1768 2304 altro

254 2322 264 2337 3
285 2320 347 2347 0031
368 2321 414 2348 111.
435 2319 483 2352 77ς
506 2320 552 2347 Gli
572 2320 654 2348 altri:
670 2321 768 2355 putris
1056 2321 1148 2349 codice
1167 2323 1246 2348 usato
1267 2321 1311 2348 dal
1333 2321 1393 2349 PM.
1413 2321 1445 2349 ed
1465 2321 1551 2349 anche
1571 2321 1617 2349 Gr.

255 2365 265 2381 4
285 2364 348 2392 Cosi
369 2365 413 2393 ΒΓ.
435 2364 468 2392 77
488 2373 501 2391 e
522 2365 595 2399 PR,
616 2365 692 2392 Altri
712 2373 794 2392 senza
814 2365 834 2392 il
847 2365 956 2400 poterit
1024 2366 1044 2382 Η
1064 2366 1110 2393 Gr.
1131 2365 1301 2393 1111510005ίὶ

258 2410 269 2426 ⁵
285 2409 348 2437 Cosi
369 2410 436 2437 Rufi:
456 2418 469 2437 e
489 2410 533 2437 Er.
555 2408 606 2443 773
626 2409 672 2437 Gli
692 2410 779 2438 altri:
797 2418 853 2445 qma
1023 2411 1043 2427 ¹⁵
1063 2410 1117 2437 ΓΡ.
1138 2410 1349 2444 comprobaras,
1370 2418 1383 2437 e
1397 2410 1463 2437 nota
1482 2409 1510 2437 in
1530 2409 1654 2445 margine
1674 2409 1703 2437 la
1721 2418 1766 2437 va-

253 2454 264 2471 ‘3
285 2453 339 2481 PP.
360 2462 472 2488 qnoque
1065 2454 1153 2481 riante
1173 2453 1428 2488 dell'improbrcras

253 2499 263 2514 7
284 2497 330 2525 Gr.
351 2497 450 2525 Placet
462 2498 609 2533 judicium
1024 2500 1045 2517 ¹¹⁴¹
1066 2499 1110 2526 1:12
1125 2506 1150 2533 p.
1166 2498 1199 2526 74
1213 2500 1231 2526 t.
1252 2498 1413 2526 desiderari
1433 2499 1472 2526 ad
1491 2500 1515 2526 te
1535 2498 1677 2531 (ΜΗ-ενα
1697 2497 1764 2526 Reff.

252 2542 263 2559 ὃ
283 2543 328 2570 ⁴¹11:
353 2542 396 2570 Br.
417 2550 430 2570 0
451 2542 511 2571 ΓΜ.
531 2542 762 2571 distraherentm·
1057 2543 1225 2576 desideravi,
1244 2551 1256 2570 e
1276 2542 1320 2577 poi
1342 2542 1461 2577 lacuna3
1481 2543 1525 2571 Pr.
1545 2551 1559 2570 0
1579 2543 1639 2571 ΡΜ.
1660 2542 1765 2570 deside-

254 2587 264 2603 0
284 2586 351 2614 Reff.
367 2586 518 2621 placetque
1054 2586 1145 2614 2⁴10·in
1167 2596 1184 2614 [ι
1204 2588 1228 2614 tc
1247 2586 1372 2622 deberem
1401 2587 1456 2615 PP.
1477 2586 1665 2615 desiderarint
1691 2595 1710 2614 α
1736 2587 1760 2614 te

242 2631 263 2647 ¹0
283 2630 336 2658 Nei
356 2630 443 2658 codici
462 2631 551 2658 elucet
1057 2631 1190 2659 deberem*

244 2675 263 2691 ¹¹
286 2673 345 2702 PM.
366 2683 379 2702 e
398 2674 452 2702 Pr.
473 2682 559 2709 super
