1845 3076
227 158 287 189 200
863 163 888 186 Ρ.
909 163 934 186 Ρ.
957 163 1106 187 VERGERIO

227 250 398 287 divertunt,
419 251 607 289 sumptaque
628 258 725 280 coena
749 248 820 279 fessi
841 247 963 284 itinere,
985 247 1063 279 dant
1084 258 1116 279 se
1137 249 1237 288 quieti
1259 249 1341 289 quod
1373 259 1408 281 eo
1440 250 1594 281 maturius
1621 251 1740 282 sactum

229 309 286 344 est,
307 306 390 347 quod
410 306 567 337 Bohemus
588 305 664 336 ficta
684 315 788 342 causa,
810 305 1003 336 occasionem
1023 305 1082 336 sibi
1097 309 1273 345 paraverat,
1287 316 1343 346 per
1358 316 1453 346 quam
1468 309 1650 346 experrecto
1666 317 1739 338 non-

227 364 305 396 dum
326 363 416 401 socio,
437 363 486 394 vel
508 363 614 394 dolum
637 362 765 393 minime
787 363 973 402 suspicante,
995 363 1169 393 matutinus
1191 363 1412 404 progr-ederet,
1427 364 1528 403 primo
1543 365 1650 404 itaque
1663 364 1740 396 dilu-

227 421 298 453 culo
318 420 399 452 clam
419 430 549 461 surgens
571 423 603 452 et
622 429 655 451 se
674 420 771 451 tacite
793 429 989 460 componenS‚
1011 430 1072 450 non
1094 420 1148 460 qui
1167 420 1265 451 videri
1286 420 1382 460 possit
1403 421 1523 452 furtum
1552 421 1634 453 velle
1663 432 1741 453 com-

225 479 363 516 mittere,
384 477 438 508 sed
460 478 513 518 qui
535 477 637 509 vereri
657 477 817 508 videretur
837 486 978 508 somnum
1000 477 1093 508 alteri
1112 487 1274 517 rumpere:
1297 488 1335 508 ex
1355 477 1523 509 diversorio
1542 478 1669 519 prodijt,
1690 489 1736 510 se-

226 545 360 575 cumque
386 534 458 575 socij
486 534 606 566 ducam
627 534 736 565 defert.
759 534 808 565 Ita
830 535 912 565 enim
933 534 1062 564 Bohemi
1083 536 1300 574 tegumentum
1321 535 1433 574 capitis
1454 534 1538 575 quod
1551 535 1637 566 illius
1650 546 1741 576 gene-

225 593 270 624 ris
292 595 341 624 est
361 592 532 632 appellant,
565 591 598 622 in
630 602 692 632 qua
724 602 758 623 re
787 601 826 622 ne
857 601 950 622 mane
970 591 1144 631 palpitaret
1167 592 1392 632 investiganda,
1415 602 1484 624 sero
1504 593 1687 632 priusquam
1707 603 1740 624 se

225 649 399 690 deponeret
419 649 521 680 locum
543 649 598 680 ubi
619 649 680 680 sita
701 651 779 686 erat,
801 648 999 689 diligentiore
1020 659 1096 679 cura
1117 651 1290 680 notaverat.
1316 649 1449 681 Polonus
1465 660 1538 681 vero
1553 653 1585 680 et
1598 650 1663 690 ipse
1676 660 1739 682 non

226 707 328 739 multo
344 709 413 747 post
426 710 628 746 experrectus
642 707 816 746 sestineque
830 716 1016 746 consurgens
1030 717 1069 737 ne
1091 707 1181 747 argui
1202 706 1241 737 de
1254 707 1444 747 negligentia
1459 710 1571 747 posset,
1587 718 1658 738 cum
1672 707 1740 738 dili-

226 765 350 805 gentius
371 764 580 804 perquisitum
601 766 712 803 captur
732 774 823 794 suum
846 774 907 795 non
929 764 1082 804 reperiret
1104 764 1162 803 (ita
1184 764 1267 795 enim
1288 774 1384 804 genus
1404 764 1483 795 illud
1511 764 1620 796 Poloni
1645 764 1742 795 nomi-

226 823 320 861 nant)
342 821 427 852 haud
448 823 566 852 temere
582 831 619 852 ex
633 821 680 851 his
701 831 783 860 quae
805 821 843 852 de
864 821 1008 852 Bohemis
1029 821 1147 851 dudum
1170 821 1324 858 audierat,
1343 822 1518 861 suspicatus
1538 832 1557 852 a
1577 822 1657 852 socio
1681 821 1741 853 sibi

226 879 424 910 subtractum
445 889 512 910 esse
534 879 736 918 quamobrem
757 879 901 918 protinus
922 879 1060 918 erumpit
1079 878 1111 909 in
1133 879 1235 909 forum
1256 879 1340 918 quod
1361 882 1431 909 erat
1451 879 1620 910 diversorio
1640 878 1742 919 proxi-

227 947 324 973 mum,
345 936 419 966 hinc
439 939 535 976 atque
556 935 629 966 inde
651 936 815 972 cursitans,
837 936 880 966 sic
900 936 954 966 ubi
974 935 1065 972 foret,
1089 935 1190 966 furem
1211 939 1267 967 aut
1289 936 1408 967 furtum
1430 936 1601 976 conspicari
1626 938 1738 976 posset.

230 993 374 1033 Casuque
397 992 546 1024 offerente
566 994 650 1024 inter
670 993 794 1032 opifices
815 993 907 1024 huius
928 993 1047 1033 negocij
1072 993 1161 1024 illum
1182 994 1299 1033 reperit
1319 993 1358 1024 de
1379 993 1557 1024 venditione
1585 993 1739 1025 solicitum

228 1053 259 1082 et
279 1051 316 1081 de
338 1051 442 1090 precio
464 1050 577 1081 callide
598 1051 810 1090 negotiantem
833 1050 985 1087 venalem,
1008 1051 1087 1081 enim
1111 1053 1337 1090 proposuerant
1352 1061 1417 1081 rem
1432 1051 1517 1082 furto
1533 1051 1738 1088 subtractam,

230 1108 369 1139 nondum
391 1110 496 1138 tamen
518 1108 703 1145 absolverat,
727 1108 801 1138 dum
823 1110 854 1138 et
873 1108 960 1138 illam
981 1108 1086 1138 studet
1118 1108 1219 1138 carius
1243 1108 1385 1145 vendere,
1417 1111 1449 1139 et
1479 1109 1595 1139 socium
1616 1108 1738 1139 tardius

228 1165 500 1205 expergissenclum
523 1166 708 1201 arbitratur,
731 1175 802 1195 mox
822 1165 919 1204 igitur
939 1167 973 1195 ut
994 1165 1073 1195 vidit
1096 1164 1227 1195 Polonus
1257 1165 1395 1196 accurrit
1426 1165 1598 1196 vociferans
1629 1168 1741 1205 capim·

225 1232 316 1253 suum
338 1232 412 1259 esse,
434 1232 491 1253 nec
512 1232 599 1262 posse
622 1232 641 1252 a
662 1232 787 1262 quoque
809 1232 840 1252 se
862 1222 967 1260 invito,
990 1222 1038 1252 vel
1059 1222 1150 1252 vendi
1172 1222 1221 1253 vel
1243 1223 1321 1254 emi:
1353 1222 1436 1253 alter
1457 1232 1530 1253 vero
1556 1222 1634 1253 nihil
1655 1222 1740 1254 illius

227 1280 415 1311 clamoribus
437 1282 540 1311 motus
561 1290 632 1310 voce
655 1290 691 1310 ac
713 1282 817 1310 mente
839 1283 1003 1310 constante
1025 1290 1097 1310 eum
1118 1280 1302 1319 repellebat,
1323 1280 1461 1311 insanire
1482 1280 1571 1310 illum
1593 1282 1649 1311 aut
1662 1290 1738 1311 som-

226 1337 314 1368 niare
336 1337 389 1377 qui
410 1338 456 1368 ita
476 1337 635 1377 loquatur,
657 1347 718 1367 non
739 1339 850 1376 capim·
871 1336 926 1367 sed
946 1337 1064 1368 cineam
1086 1347 1150 1368 esse
1172 1347 1360 1374 asseverans,
1383 1347 1420 1367 ac
1435 1347 1560 1377 prorsus
1574 1337 1620 1368 ita
1633 1337 1738 1377 loque—

223 1395 328 1431 batur,
350 1395 397 1425 ita
418 1395 557 1435 gere-bat,
578 1396 615 1425 ut
636 1394 683 1425 vel
705 1404 767 1425 non
790 1394 847 1429 fur,
870 1394 917 1425 vel
939 1394 1064 1424 minime
1086 1404 1182 1425 novus
1212 1395 1264 1424 fur
1294 1394 1379 1425 credi
1410 1397 1531 1434 posset;
1564 1394 1737 1426 adhibebat

218 1441 350 1492 *quoque
372 1454 465 1482 testes
486 1454 563 1491 quot
585 1455 661 1492 quot
682 1452 898 1487 Boliemorum‚
920 1452 973 1491 qui
996 1451 1068 1482 huic
1088 1451 1265 1491 spectaculo
1287 1452 1428 1489 aderant,
1458 1452 1505 1482 vel
1534 1452 1559 1483 si
1588 1453 1641 1492 qui
1663 1462 1739 1483 casu

225 1509 298 1540 inde
320 1509 513 1546 serebantur,
536 1509 590 1549 qui
612 1519 718 1540 omnes
738 1509 796 1539 sub
817 1509 991 1539 iusim-andi
1013 1509 1161 1549 religione
1177 1509 1414 1540 attestabantur
1428 1509 1548 1540 elimam
1561 1509 1647 1540 illam
1663 1519 1736 1540 esse.

224 1566 333 1606 Aliqui
355 1567 420 1597 ioco
441 1577 502 1597 non
524 1566 604 1596 nulli
618 1566 687 1597 dolo
702 1576 757 1597 suo
772 1566 987 1605 cumpopulari
1004 1567 1151 1597 faventes
1175 1566 1383 1605 Quamobrem
1406 1566 1538 1597 Polonus
1563 1576 1632 1597 cum
1654 1566 1734 1597 nihil

222 1624 374 1655 instantia
395 1626 451 1654 aut
471 1623 660 1654 clamoribus
691 1624 856 1663 proficeret
886 1626 923 1654 ut
954 1624 1007 1662 qui
1036 1626 1067 1654 et
1087 1624 1169 1655 solus
1191 1626 1269 1661 erat,
1293 1626 1323 1654 et
1344 1627 1512 1655 extraneus
1533 1623 1619 1654 illius
1639 1623 1733 1663 plane

223 1681 346 1712 art-ibus
368 1681 475 1715 victus,
499 1683 530 1711 et
550 1680 752 1711 multitudine
774 1681 900 1711 testium
916 1681 1055 1715 obrutus,
1070 1681 1197 1712 tandem
1213 1681 1301 1721 abijt,
1323 1684 1354 1711 et
1369 1691 1386 1711 o
1402 1681 1494 1717 Deus,
1510 1680 1623 1720 inquit,
1639 1692 1735 1720 quam

222 1739 308 1769 cauti
329 1741 402 1768 sunt
422 1738 473 1768 isti
497 1737 643 1768 Bohemil
668 1747 706 1768 en
727 1737 778 1768 hic
799 1741 909 1777 captur
930 1748 997 1768 meo
1020 1748 1131 1768 nomen
1152 1738 1287 1768 mutarit
1317 1748 1356 1768 ne
1387 1739 1488 1777 ipsum
1510 1739 1623 1778 possim
1645 1748 1737 1778 agno-

221 1805 316 1826 scere.
341 1794 492 1833 Quorsum
516 1795 591 1825 haec
612 1796 709 1826 sunt?
731 1795 856 1834 quando
876 1795 1018 1834 plerique
1040 1795 1210 1826 latinorum
1232 1795 1341 1826 itidem
1363 1794 1513 1835 fecerunt,
1535 1806 1648 1826 nomen
1670 1805 1739 1826 usu-

222 1863 329 1884 rarum
352 1853 436 1892 quod
458 1855 551 1892 turpe
572 1855 672 1889 sonat,
694 1853 726 1882 in
747 1853 859 1892 cccmbej
880 1862 992 1884 nomen
1013 1855 1246 1889 converterunt,
1267 1863 1306 1883 ne
1328 1856 1508 1884 contractus
1531 1864 1549 1884 a
1570 1853 1639 1884 iure
1653 1853 1738 1884 dam-

220 1910 291 1940 nari
306 1920 362 1949 per
377 1909 585 1949 sempliciores
601 1920 725 1949 quoque
741 1912 865 1949 possent
885 1911 1019 1950 agnosci,
1042 1920 1103 1941 neu
1124 1910 1183 1949 ipsi
1204 1910 1397 1950 deprehendi
1419 1910 1509 1941 facile
1530 1911 1658 1942 valeant
1679 1911 1737 1941 illi-

222 1968 285 1998 cita
306 1967 394 1998 lucra
416 1967 578 2004 foetantes,
594 1967 702 2007 itaque
717 1967 775 1998 sub
790 1967 1001 2007 appellatione
1015 1968 1126 2007 camlnj
1142 1977 1178 1998 eo
1192 1967 1316 2007 negotio
1338 1970 1500 2007 tamquam
1521 1967 1607 1999 licito
1628 1968 1734 2008 palam

222 2027 252 2056 et
274 2025 392 2064 absque
413 2025 528 2055 rubore
550 2027 699 2060 utuntur;
722 2025 845 2055 nomine
861 2027 967 2055 tamen
983 2035 1044 2055 non
1060 2035 1093 2054 re
1110 2027 1232 2056 mutata
1252 2025 1283 2054 iu
1305 2025 1362 2055 hoc
1383 2035 1507 2065 quoque
1528 2035 1641 2065 parum
1662 2025 1737 2056 iusti

222 2092 396 2122 campsores
417 2093 530 2113 nomen
553 2082 636 2122 quod
657 2082 797 2113 damnati
817 2082 950 2113 foenoris
971 2082 1217 2122 appellationem
1239 2083 1393 2113 inhonesti
1408 2083 1509 2122 operis
1524 2093 1637 2114 nomen
1654 2093 1735 2114 cam-

222 2140 289 2171 bire
310 2139 511 2176 studuerunt,
533 2139 617 2179 quod
639 2150 735 2179 genus
758 2140 835 2170 lueri
857 2139 897 2170 ab
917 2139 1070 2179 imperitis
1092 2139 1160 2169 fieri
1174 2139 1314 2170 forsitam
1331 2143 1442 2179 potest,
1464 2140 1504 2171 ab
1519 2140 1567 2170 his
1581 2150 1663 2177 vero,
1679 2141 1734 2180 qui

221 2200 252 2228 et
274 2207 364 2237 grece
386 2200 417 2228 et
438 2197 537 2228 latine
559 2207 674 2238 magna
694 2199 785 2236 parte
807 2197 934 2237 professi
955 2197 1065 2227 morali
1085 2197 1299 2237 philosophiae
1321 2197 1438 2228 diutius
1459 2197 1656 2235 insudarunt,
1670 2208 1744 2238 qua.

220 2265 282 2286 non
305 2254 373 2285 dico
394 2255 494 2292 venia,
515 2254 568 2285 sed
591 2265 653 2294 qua
675 2255 829 2294 patientia
850 2254 919 2285 fieri
940 2255 1045 2285 valeat
1065 2264 1126 2285 non
1147 2255 1221 2285 satis
1235 2255 1390 2293 intelligo3
1405 2265 1479 2286 nam
1494 2254 1731 2286 honestissimae

220 2312 347 2352 quidem
370 2314 454 2342 artes
475 2312 506 2342 in
529 2312 710 2342 vilissimum
733 2312 949 2349 ministerium,
971 2312 1198 2351 philosophiam
1224 2313 1476 2352 in'pliilamiam,
1502 2313 1670 2343 oratoriam
1699 2313 1732 2343 in

219 2369 439 2401 numulariam.
461 2370 542 2409 ipsas
575 2380 698 2409 quoque
730 2379 857 2409 graecas
885 2369 1016 2406 litteras,
1045 2372 1166 2400 mutato
1194 2369 1306 2406 studio,
1337 2370 1368 2399 in
1393 2370 1502 2400 literas
1524 2379 1600 2409 quas
1620 2369 1731 2400 dicunt

218 2427 330 2466 canzbaej
351 2437 407 2466 per
429 2426 545 2457 malum
567 2427 732 2462 cambium,
755 2429 986 2457 converterunt.

1819 2205 1845 2377 semaa..
1827 2175 1837 2197 ³·

1828 2449 1841 2482 3-
1826 2386 1842 2431 ⁴2³*

1835 2703 1838 2711 ⁴
1824 2572 1842 2684 „ausv-
1827 2544 1837 2559 ·›
