<?xml version="1.0" encoding="UTF-8"?>
<!DOCTYPE html PUBLIC "-//W3C//DTD XHTML 1.0 Transitional//EN"
    "http://www.w3.org/TR/xhtml1/DTD/xhtml1-transitional.dtd">
<html xmlns="http://www.w3.org/1999/xhtml" xml:lang="en" lang="en">
 <head>
  <title>
</title>
<meta http-equiv="Content-Type" content="text/html;charset=utf-8" />
  <meta name='ocr-system' content='tesseract 3.04.00' />
  <meta name='ocr-capabilities' content='ocr_page ocr_carea ocr_par ocr_line ocrx_word'/>
</head>
<body>
  <div class='ocr_page' id='page_1' title='image "./epistole00verguoft_0218.png"; bbox 0 0 1845 3076; ppageno 0'>
   <div class='ocr_carea' id='block_1_1' title="bbox 243 161 1116 191">
    <p class='ocr_par' dir='ltr' id='par_1_1' title="bbox 243 161 1116 191">
     <span class='ocr_line' id='line_1_1' title="bbox 243 161 1116 191; baseline -0.003 0"><span class='ocrx_word' id='word_1_1' title='bbox 243 161 302 191; x_wconf 84' lang='lat'>150</span> <span class='ocrx_word' id='word_1_2' title='bbox 869 167 895 189; x_wconf 83' lang='lat' dir='ltr'>P.</span> <span class='ocrx_word' id='word_1_3' title='bbox 917 167 941 189; x_wconf 84' lang='lat' dir='ltr'>P.</span> <span class='ocrx_word' id='word_1_4' title='bbox 963 166 1092 189; x_wconf 73' lang='lat' dir='ltr'>vnncEm</span> <span class='ocrx_word' id='word_1_5' title='bbox 1100 166 1116 188; x_wconf 91' lang='lat' dir='ltr'>o</span> 
     </span>
    </p>
   </div>
   <div class='ocr_carea' id='block_1_2' title="bbox 239 249 1746 2180">
    <p class='ocr_par' dir='ltr' id='par_1_2' title="bbox 240 249 1743 518">
     <span class='ocr_line' id='line_1_2' title="bbox 243 249 1743 291; baseline 0 -9"><span class='ocrx_word' id='word_1_6' title='bbox 243 251 458 288; x_wconf 74' lang='lat' dir='ltr'>debilitarent,</span> <span class='ocrx_word' id='word_1_7' title='bbox 486 250 615 290; x_wconf 76' lang='lat' dir='ltr'>captivis</span> <span class='ocrx_word' id='word_1_8' title='bbox 635 250 777 281; x_wconf 86' lang='lat' dir='ltr'>omnibus</span> <span class='ocrx_word' id='word_1_9' title='bbox 799 259 875 289; x_wconf 87' lang='lat' dir='ltr'>quos</span> <span class='ocrx_word' id='word_1_10' title='bbox 895 250 1003 280; x_wconf 82' lang='lat' dir='ltr'>raros¹</span> <span class='ocrx_word' id='word_1_11' title='bbox 1033 249 1200 280; x_wconf 79' lang='lat' dir='ltr'>admodum</span> <span class='ocrx_word' id='word_1_12' title='bbox 1221 250 1279 280; x_wconf 81' lang='lat' dir='ltr'>nisi</span> <span class='ocrx_word' id='word_1_13' title='bbox 1307 249 1424 280; x_wconf 85' lang='lat' dir='ltr'>insidiis</span> <span class='ocrx_word' id='word_1_14' title='bbox 1450 251 1624 290; x_wconf 79' lang='lat' dir='ltr'>capiebant,</span> <span class='ocrx_word' id='word_1_15' title='bbox 1655 252 1743 291; x_wconf 86' lang='lat' dir='ltr'>equis</span> 
     </span>
     <span class='ocr_line' id='line_1_3' title="bbox 247 306 1740 347; baseline -0.001 -8"><span class='ocrx_word' id='word_1_16' title='bbox 247 309 403 347; x_wconf 79' lang='lat' dir='ltr'>armisque</span> <span class='ocrx_word' id='word_1_17' title='bbox 424 307 565 344; x_wconf 87' lang='lat' dir='ltr'>sublatis,</span> <span class='ocrx_word' id='word_1_18' title='bbox 587 317 625 337; x_wconf 85' lang='lat' dir='ltr'>ne</span> <span class='ocrx_word' id='word_1_19' title='bbox 645 307 686 338; x_wconf 86' lang='lat' dir='ltr'>ad</span> <span class='ocrx_word' id='word_1_20' title='bbox 707 307 879 337; x_wconf 83' lang='lat' dir='ltr'>exercitum</span> <span class='ocrx_word' id='word_1_21' title='bbox 899 307 1047 338; x_wconf 81' lang='lat' dir='ltr'>redirent.</span> <span class='ocrx_word' id='word_1_22' title='bbox 1068 306 1266 346; x_wconf 71' lang='lat' dir='ltr'>imperabant</span> <span class='ocrx_word' id='word_1_23' title='bbox 1281 307 1299 337; x_wconf 58' lang='grc' dir='ltr'>’ἦ</span> <span class='ocrx_word' id='word_1_24' title='bbox 1329 306 1396 345; x_wconf 74' lang='lat' dir='ltr'>Qua</span> <span class='ocrx_word' id='word_1_25' title='bbox 1417 307 1543 346; x_wconf 88' lang='lat' dir='ltr'>quidem</span> <span class='ocrx_word' id='word_1_26' title='bbox 1571 308 1676 339; x_wconf 90' lang='lat' dir='ltr'>inutili</span> <span class='ocrx_word' id='word_1_27' title='bbox 1696 308 1740 338; x_wconf 90' lang='lat' dir='ltr'>in-</span> 
     </span>
     <span class='ocr_line' id='line_1_4' title="bbox 242 363 1742 403; baseline 0.001 -8"><span class='ocrx_word' id='word_1_28' title='bbox 242 364 365 396; x_wconf 84' lang='lat' dir='ltr'>dustria</span> <span class='ocrx_word' id='word_1_29' title='bbox 378 374 491 403; x_wconf 84' lang='lat' dir='ltr'>parum</span> <span class='ocrx_word' id='word_1_30' title='bbox 511 363 711 403; x_wconf 83' lang='lat' dir='ltr'>profecerunt</span> <span class='ocrx_word' id='word_1_31' title='bbox 722 364 740 394; x_wconf 75' lang='lat'>³.</span> <span class='ocrx_word' id='word_1_32' title='bbox 764 363 845 394; x_wconf 87' lang='lat' dir='ltr'>Nam</span> <span class='ocrx_word' id='word_1_33' title='bbox 866 363 973 400; x_wconf 83' lang='lat' dir='ltr'>nostri,</span> <span class='ocrx_word' id='word_1_34' title='bbox 995 363 1147 394; x_wconf 74' lang='lat' dir='ltr'>cautiores</span> <span class='ocrx_word' id='word_1_35' title='bbox 1165 364 1428 403; x_wconf 84' lang='lat' dir='ltr'>animosioresque</span> <span class='ocrx_word' id='word_1_36' title='bbox 1449 364 1572 401; x_wconf 79' lang='lat' dir='ltr'>redditi,</span> <span class='ocrx_word' id='word_1_37' title='bbox 1594 364 1668 395; x_wconf 88' lang='lat' dir='ltr'>dum</span> <span class='ocrx_word' id='word_1_38' title='bbox 1682 375 1742 396; x_wconf 88' lang='lat' dir='ltr'>om-</span> 
     </span>
     <span class='ocr_line' id='line_1_5' title="bbox 240 420 1742 461; baseline 0 -9"><span class='ocrx_word' id='word_1_39' title='bbox 240 421 332 453; x_wconf 89' lang='lat' dir='ltr'>nibus</span> <span class='ocrx_word' id='word_1_40' title='bbox 353 421 470 452; x_wconf 85' lang='lat' dir='ltr'>viribus</span> <span class='ocrx_word' id='word_1_41' title='bbox 490 423 641 461; x_wconf 75' lang='lat' dir='ltr'>pugnant,</span> <span class='ocrx_word' id='word_1_42' title='bbox 662 431 701 451; x_wconf 90' lang='lat' dir='ltr'>ne</span> <span class='ocrx_word' id='word_1_43' title='bbox 722 421 836 460; x_wconf 78' lang='lat' dir='ltr'>captivi</span> <span class='ocrx_word' id='word_1_44' title='bbox 858 421 928 457; x_wconf 90' lang='lat' dir='ltr'>sint,</span> <span class='ocrx_word' id='word_1_45' title='bbox 956 421 1052 451; x_wconf 88' lang='lat' dir='ltr'>hostis</span> <span class='ocrx_word' id='word_1_46' title='bbox 1073 420 1201 460; x_wconf 86' lang='lat' dir='ltr'>capiunt</span> <span class='ocrx_word' id='word_1_47' title='bbox 1216 421 1235 458; x_wconf 77' lang='lat'>⁴¹,</span> <span class='ocrx_word' id='word_1_48' title='bbox 1262 423 1293 451; x_wconf 87' lang='lat' dir='ltr'>et</span> <span class='ocrx_word' id='word_1_49' title='bbox 1321 424 1422 451; x_wconf 81' lang='lat' dir='ltr'>castra</span> <span class='ocrx_word' id='word_1_50' title='bbox 1446 421 1609 452; x_wconf 85' lang='lat' dir='ltr'>inutilibus</span> <span class='ocrx_word' id='word_1_51' title='bbox 1637 421 1742 461; x_wconf 90' lang='lat' dir='ltr'>eisque</span> 
     </span>
     <span class='ocr_line' id='line_1_6' title="bbox 241 477 1005 518; baseline -0.001 -10"><span class='ocrx_word' id='word_1_52' title='bbox 241 479 295 518; x_wconf 89' lang='lat' dir='ltr'>qui</span> <span class='ocrx_word' id='word_1_53' title='bbox 316 488 377 509; x_wconf 88' lang='lat' dir='ltr'>non</span> <span class='ocrx_word' id='word_1_54' title='bbox 398 477 548 508; x_wconf 75' lang='lat' dir='ltr'>ducerent</span> <span class='ocrx_word' id='word_1_55' title='bbox 569 480 661 517; x_wconf 81' lang='lat' dir='ltr'>turpe</span> <span class='ocrx_word' id='word_1_56' title='bbox 681 479 750 517; x_wconf 85' lang='lat' dir='ltr'>capi</span> <span class='ocrx_word' id='word_1_57' title='bbox 770 481 905 518; x_wconf 80' lang='lat' dir='ltr'>purgata</span> <span class='ocrx_word' id='word_1_58' title='bbox 925 481 1005 508; x_wconf 85' lang='lat' dir='ltr'>sunt.</span> 
     </span>
    </p>

    <p class='ocr_par' dir='ltr' id='par_1_3' title="bbox 239 534 1742 795">
     <span class='ocr_line' id='line_1_7' title="bbox 319 534 1741 574; baseline 0 -8"><span class='ocrx_word' id='word_1_59' title='bbox 319 535 379 566; x_wconf 89' lang='lat' dir='ltr'>Per</span> <span class='ocrx_word' id='word_1_60' title='bbox 393 536 448 566; x_wconf 86' lang='lat' dir='ltr'>hos</span> <span class='ocrx_word' id='word_1_61' title='bbox 463 535 525 565; x_wconf 86' lang='lat' dir='ltr'>dies</span> <span class='ocrx_word' id='word_1_62' title='bbox 535 535 555 572; x_wconf 80' lang='lat'>⁵,</span> <span class='ocrx_word' id='word_1_63' title='bbox 579 534 653 565; x_wconf 87' lang='lat' dir='ltr'>dum</span> <span class='ocrx_word' id='word_1_64' title='bbox 667 545 774 565; x_wconf 83' lang='lat' dir='ltr'>annua</span> <span class='ocrx_word' id='word_1_65' title='bbox 790 534 949 574; x_wconf 71' lang='lat' dir='ltr'>Baptistae</span> <span class='ocrx_word' id='word_1_66' title='bbox 961 535 971 549; x_wconf 64' lang='lat'>⁰</span> <span class='ocrx_word' id='word_1_67' title='bbox 991 534 1170 566; x_wconf 76' lang='lat' dir='ltr'>solemnitas</span> <span class='ocrx_word' id='word_1_68' title='bbox 1191 535 1293 565; x_wconf 88' lang='lat' dir='ltr'>denuo</span> <span class='ocrx_word' id='word_1_69' title='bbox 1309 534 1440 572; x_wconf 80' lang='lat' dir='ltr'>adesset,</span> <span class='ocrx_word' id='word_1_70' title='bbox 1454 538 1491 566; x_wconf 90' lang='lat' dir='ltr'>ut</span> <span class='ocrx_word' id='word_1_71' title='bbox 1505 538 1551 566; x_wconf 90' lang='lat' dir='ltr'>est</span> <span class='ocrx_word' id='word_1_72' title='bbox 1566 535 1604 567; x_wconf 89' lang='lat' dir='ltr'>de</span> <span class='ocrx_word' id='word_1_73' title='bbox 1618 538 1741 566; x_wconf 90' lang='lat' dir='ltr'>vetusta</span> 
     </span>
     <span class='ocr_line' id='line_1_8' title="bbox 239 591 1742 633; baseline 0.001 -10"><span class='ocrx_word' id='word_1_74' title='bbox 239 592 476 623; x_wconf 82' lang='lat' dir='ltr'>florentinorum</span> <span class='ocrx_word' id='word_1_75' title='bbox 491 591 721 629; x_wconf 85' lang='lat' dir='ltr'>consuetudine,</span> <span class='ocrx_word' id='word_1_76' title='bbox 734 592 843 622; x_wconf 88' lang='lat' dir='ltr'>ludum</span> <span class='ocrx_word' id='word_1_77' title='bbox 855 594 1080 631; x_wconf 83' lang='lat' dir='ltr'>centamenque</span> <span class='ocrx_word' id='word_1_78' title='bbox 1092 601 1242 631; x_wconf 87' lang='lat' dir='ltr'>equorum</span> <span class='ocrx_word' id='word_1_79' title='bbox 1253 592 1432 623; x_wconf 76' lang='lat' dir='ltr'>instituunt.</span> <span class='ocrx_word' id='word_1_80' title='bbox 1446 591 1568 623; x_wconf 86' lang='lat' dir='ltr'>Gemini</span> <span class='ocrx_word' id='word_1_81' title='bbox 1581 593 1742 633; x_wconf 75' lang='lat' dir='ltr'>sonipedes</span> 
     </span>
     <span class='ocr_line' id='line_1_9' title="bbox 240 649 1741 690; baseline 0.001 -10"><span class='ocrx_word' id='word_1_82' title='bbox 240 650 394 689; x_wconf 86' lang='lat' dir='ltr'>premium</span> <span class='ocrx_word' id='word_1_83' title='bbox 421 659 567 680; x_wconf 79' lang='lat' dir='ltr'>cursuum</span> <span class='ocrx_word' id='word_1_84' title='bbox 587 650 598 666; x_wconf 95' lang='lat'><em>⁷</em></span> <span class='ocrx_word' id='word_1_85' title='bbox 624 649 773 688; x_wconf 86' lang='lat' dir='ltr'>propositi</span> <span class='ocrx_word' id='word_1_86' title='bbox 799 652 880 687; x_wconf 84' lang='lat' dir='ltr'>sunt,</span> <span class='ocrx_word' id='word_1_87' title='bbox 902 649 1066 688; x_wconf 74' lang='lat' dir='ltr'>omniaque</span> <span class='ocrx_word' id='word_1_88' title='bbox 1098 649 1262 680; x_wconf 80' lang='lat' dir='ltr'>celebriter</span> <span class='ocrx_word' id='word_1_89' title='bbox 1290 652 1321 680; x_wconf 83' lang='lat' dir='ltr'>et</span> <span class='ocrx_word' id='word_1_90' title='bbox 1348 649 1437 680; x_wconf 87' lang='lat' dir='ltr'>laetis</span> <span class='ocrx_word' id='word_1_91' title='bbox 1465 649 1575 681; x_wconf 88' lang='lat' dir='ltr'>animis</span> <span class='ocrx_word' id='word_1_92' title='bbox 1605 652 1741 690; x_wconf 87' lang='lat' dir='ltr'>peracta.</span> 
     </span>
     <span class='ocr_line' id='line_1_10' title="bbox 241 706 1742 746; baseline 0.001 -9"><span class='ocrx_word' id='word_1_93' title='bbox 241 706 377 737; x_wconf 83' lang='lat' dir='ltr'>Tantum</span> <span class='ocrx_word' id='word_1_94' title='bbox 397 706 522 737; x_wconf 87' lang='lat' dir='ltr'>sibimet</span> <span class='ocrx_word' id='word_1_95' title='bbox 535 707 567 736; x_wconf 91' lang='lat' dir='ltr'>in</span> <span class='ocrx_word' id='word_1_96' title='bbox 582 706 683 737; x_wconf 80' lang='lat' dir='ltr'>aliena</span> <span class='ocrx_word' id='word_1_97' title='bbox 696 707 801 746; x_wconf 83' lang='lat' dir='ltr'>patria</span> <span class='ocrx_word' id='word_1_98' title='bbox 813 706 883 745; x_wconf 79' lang='lat' dir='ltr'>jure</span> <span class='ocrx_word' id='word_1_99' title='bbox 904 706 978 737; x_wconf 87' lang='lat' dir='ltr'>belli</span> <span class='ocrx_word' id='word_1_100' title='bbox 1000 706 1208 746; x_wconf 84' lang='lat' dir='ltr'>permiserant</span> <span class='ocrx_word' id='word_1_101' title='bbox 1219 707 1239 743; x_wconf 63' lang='lat'>⁸,</span> <span class='ocrx_word' id='word_1_102' title='bbox 1259 710 1446 746; x_wconf 82' lang='lat' dir='ltr'>tantumque</span> <span class='ocrx_word' id='word_1_103' title='bbox 1467 707 1549 738; x_wconf 87' lang='lat' dir='ltr'>inter</span> <span class='ocrx_word' id='word_1_104' title='bbox 1561 707 1571 723; x_wconf 78' lang='lat'>⁹</span> <span class='ocrx_word' id='word_1_105' title='bbox 1585 717 1742 738; x_wconf 88' lang='lat' dir='ltr'>armorum</span> 
     </span>
     <span class='ocr_line' id='line_1_11' title="bbox 243 763 1150 795; baseline 0 -1"><span class='ocrx_word' id='word_1_106' title='bbox 243 763 377 795; x_wconf 89' lang='lat' dir='ltr'>insultus</span> <span class='ocrx_word' id='word_1_107' title='bbox 397 766 428 794; x_wconf 84' lang='lat' dir='ltr'>et</span> <span class='ocrx_word' id='word_1_108' title='bbox 448 764 583 795; x_wconf 85' lang='lat' dir='ltr'>hostium</span> <span class='ocrx_word' id='word_1_109' title='bbox 604 763 837 794; x_wconf 81' lang='lat' dir='ltr'>multitudinem</span> <span class='ocrx_word' id='word_1_110' title='bbox 859 763 954 794; x_wconf 78' lang='lat' dir='ltr'>animi</span> <span class='ocrx_word' id='word_1_111' title='bbox 975 763 1150 794; x_wconf 82' lang='lat' dir='ltr'>servabant.</span> 
     </span>
    </p>

    <p class='ocr_par' dir='ltr' id='par_1_4' title="bbox 239 821 1746 1890">
     <span class='ocr_line' id='line_1_12' title="bbox 319 821 1742 862; baseline 0.001 -11"><span class='ocrx_word' id='word_1_112' title='bbox 319 821 438 851; x_wconf 76' lang='lat' dir='ltr'>Omissa</span> <span class='ocrx_word' id='word_1_113' title='bbox 457 821 569 852; x_wconf 84' lang='lat' dir='ltr'>deinde</span> <span class='ocrx_word' id='word_1_114' title='bbox 590 821 762 851; x_wconf 76' lang='lat' dir='ltr'>intentione</span> <span class='ocrx_word' id='word_1_115' title='bbox 782 821 1031 861; x_wconf 73' lang='lat' dir='ltr'>transgrediendi</span> <span class='ocrx_word' id='word_1_116' title='bbox 1054 821 1209 858; x_wconf 85' lang='lat' dir='ltr'>Abduam,</span> <span class='ocrx_word' id='word_1_117' title='bbox 1235 821 1313 852; x_wconf 86' lang='lat' dir='ltr'>nihil</span> <span class='ocrx_word' id='word_1_118' title='bbox 1335 822 1401 861; x_wconf 76' lang='lat' dir='ltr'>jam</span> <span class='ocrx_word' id='word_1_119' title='bbox 1422 821 1576 861; x_wconf 85' lang='lat' dir='ltr'>reliquum</span> <span class='ocrx_word' id='word_1_120' title='bbox 1596 822 1661 862; x_wconf 90' lang='lat' dir='ltr'>spei</span> <span class='ocrx_word' id='word_1_121' title='bbox 1681 831 1742 853; x_wconf 90' lang='lat' dir='ltr'>cer-</span> 
     </span>
     <span class='ocr_line' id='line_1_13' title="bbox 242 878 1744 919; baseline 0.001 -10"><span class='ocrx_word' id='word_1_122' title='bbox 242 882 361 915; x_wconf 86' lang='lat' dir='ltr'>nentes,</span> <span class='ocrx_word' id='word_1_123' title='bbox 383 889 480 918; x_wconf 85' lang='lat' dir='ltr'>quum</span> <span class='ocrx_word' id='word_1_124' title='bbox 501 881 533 909; x_wconf 88' lang='lat' dir='ltr'>et</span> <span class='ocrx_word' id='word_1_125' title='bbox 553 879 655 909; x_wconf 87' lang='lat' dir='ltr'>hostes</span> <span class='ocrx_word' id='word_1_126' title='bbox 676 888 798 918; x_wconf 78' lang='lat' dir='ltr'>pugnae</span> <span class='ocrx_word' id='word_1_127' title='bbox 818 888 849 908; x_wconf 89' lang='lat' dir='ltr'>se</span> <span class='ocrx_word' id='word_1_128' title='bbox 871 879 1063 908; x_wconf 88' lang='lat' dir='ltr'>committere</span> <span class='ocrx_word' id='word_1_129' title='bbox 1083 878 1212 915; x_wconf 85' lang='lat' dir='ltr'>nollent,</span> <span class='ocrx_word' id='word_1_130' title='bbox 1234 882 1265 909; x_wconf 85' lang='lat' dir='ltr'>et</span> <span class='ocrx_word' id='word_1_131' title='bbox 1286 879 1377 910; x_wconf 82' lang='lat' dir='ltr'>urbes</span> <span class='ocrx_word' id='word_1_132' title='bbox 1398 879 1574 919; x_wconf 80' lang='lat' dir='ltr'>oppidaque</span> <span class='ocrx_word' id='word_1_133' title='bbox 1595 879 1657 910; x_wconf 90' lang='lat' dir='ltr'>suis</span> <span class='ocrx_word' id='word_1_134' title='bbox 1678 890 1744 910; x_wconf 85' lang='lat' dir='ltr'>mu·</span> 
     </span>
     <span class='ocr_line' id='line_1_14' title="bbox 242 935 1742 976; baseline 0.001 -10"><span class='ocrx_word' id='word_1_135' title='bbox 242 936 310 966; x_wconf 84' lang='lat' dir='ltr'>nita</span> <span class='ocrx_word' id='word_1_136' title='bbox 330 935 491 976; x_wconf 68' lang='lat' dir='ltr'>praesidiis</span> <span class='ocrx_word' id='word_1_137' title='bbox 512 935 633 966; x_wconf 80' lang='lat' dir='ltr'>aditum</span> <span class='ocrx_word' id='word_1_138' title='bbox 654 938 813 975; x_wconf 81' lang='lat' dir='ltr'>negarent,</span> <span class='ocrx_word' id='word_1_139' title='bbox 834 946 935 975; x_wconf 82' lang='lat' dir='ltr'>neque</span> <span class='ocrx_word' id='word_1_140' title='bbox 951 937 1018 976; x_wconf 82' lang='lat' dir='ltr'>jam</span> <span class='ocrx_word' id='word_1_141' title='bbox 1041 936 1123 975; x_wconf 78' lang='lat' dir='ltr'>quod</span> <span class='ocrx_word' id='word_1_142' title='bbox 1144 936 1220 967; x_wconf 80' lang='lat' dir='ltr'>satis</span> <span class='ocrx_word' id='word_1_143' title='bbox 1249 936 1389 967; x_wconf 87' lang='lat' dir='ltr'>futurum</span> <span class='ocrx_word' id='word_1_144' title='bbox 1411 936 1569 968; x_wconf 86' lang='lat' dir='ltr'>videretur</span> <span class='ocrx_word' id='word_1_145' title='bbox 1582 937 1604 954; x_wconf 86' lang='lat'>¹⁰</span> <span class='ocrx_word' id='word_1_146' title='bbox 1629 936 1742 968; x_wconf 90' lang='lat' dir='ltr'>nostris</span> 
     </span>
     <span class='ocr_line' id='line_1_15' title="bbox 242 992 1744 1033; baseline 0.002 -10"><span class='ocrx_word' id='word_1_147' title='bbox 242 996 424 1032; x_wconf 77' lang='lat' dir='ltr'>superesset,</span> <span class='ocrx_word' id='word_1_148' title='bbox 437 992 589 1023; x_wconf 85' lang='lat' dir='ltr'>redeundi</span> <span class='ocrx_word' id='word_1_149' title='bbox 604 993 929 1032; x_wconf 82' lang='lat' dir='ltr'>propositumineunt,</span> <span class='ocrx_word' id='word_1_150' title='bbox 941 994 1016 1024; x_wconf 84' lang='lat' dir='ltr'>satis</span> <span class='ocrx_word' id='word_1_151' title='bbox 1031 993 1167 1033; x_wconf 86' lang='lat' dir='ltr'>amplam</span> <span class='ocrx_word' id='word_1_152' title='bbox 1182 995 1287 1024; x_wconf 84' lang='lat' dir='ltr'>nactos</span> <span class='ocrx_word' id='word_1_153' title='bbox 1302 1004 1333 1024; x_wconf 72' lang='lat' dir='ltr'>se</span> <span class='ocrx_word' id='word_1_154' title='bbox 1348 994 1560 1025; x_wconf 77' lang='lat' dir='ltr'>existimantes</span> <span class='ocrx_word' id='word_1_155' title='bbox 1573 995 1744 1033; x_wconf 85' lang='lat' dir='ltr'>victoriam,</span> 
     </span>
     <span class='ocr_line' id='line_1_16' title="bbox 242 1049 1741 1092; baseline 0.002 -12"><span class='ocrx_word' id='word_1_156' title='bbox 242 1069 280 1072; x_wconf 97' lang='lat'><strong>—</strong></span> <span class='ocrx_word' id='word_1_157' title='bbox 301 1049 384 1090; x_wconf 84' lang='lat' dir='ltr'>quod</span> <span class='ocrx_word' id='word_1_158' title='bbox 406 1050 471 1090; x_wconf 79' lang='lat' dir='ltr'>jam</span> <span class='ocrx_word' id='word_1_159' title='bbox 493 1050 586 1081; x_wconf 84' lang='lat' dir='ltr'>tertio</span> <span class='ocrx_word' id='word_1_160' title='bbox 614 1060 717 1081; x_wconf 82' lang='lat' dir='ltr'>mense</span> <span class='ocrx_word' id='word_1_161' title='bbox 737 1050 769 1080; x_wconf 91' lang='lat' dir='ltr'>in</span> <span class='ocrx_word' id='word_1_162' title='bbox 790 1060 864 1089; x_wconf 81' lang='lat' dir='ltr'>agro</span> <span class='ocrx_word' id='word_1_163' title='bbox 892 1050 1022 1090; x_wconf 84' lang='lat' dir='ltr'>sinuque</span> <span class='ocrx_word' id='word_1_164' title='bbox 1051 1050 1144 1081; x_wconf 87' lang='lat' dir='ltr'>hostis</span> <span class='ocrx_word' id='word_1_165' title='bbox 1171 1051 1301 1081; x_wconf 82' lang='lat' dir='ltr'>victores</span> <span class='ocrx_word' id='word_1_166' title='bbox 1327 1051 1481 1089; x_wconf 84' lang='lat' dir='ltr'>steterint,</span> <span class='ocrx_word' id='word_1_167' title='bbox 1508 1054 1539 1082; x_wconf 87' lang='lat' dir='ltr'>et</span> <span class='ocrx_word' id='word_1_168' title='bbox 1560 1062 1595 1083; x_wconf 91' lang='lat' dir='ltr'>eo</span> <span class='ocrx_word' id='word_1_169' title='bbox 1615 1051 1741 1092; x_wconf 89' lang='lat' dir='ltr'>quidem</span> 
     </span>
     <span class='ocr_line' id='line_1_17' title="bbox 243 1107 1744 1148; baseline 0.003 -11"><span class='ocrx_word' id='word_1_170' title='bbox 243 1110 393 1147; x_wconf 88' lang='lat' dir='ltr'>tempore,</span> <span class='ocrx_word' id='word_1_171' title='bbox 409 1118 470 1146; x_wconf 90' lang='lat' dir='ltr'>quo</span> <span class='ocrx_word' id='word_1_172' title='bbox 485 1110 517 1138; x_wconf 85' lang='lat' dir='ltr'>et</span> <span class='ocrx_word' id='word_1_173' title='bbox 537 1107 646 1138; x_wconf 82' lang='lat' dir='ltr'>fortior</span> <span class='ocrx_word' id='word_1_174' title='bbox 662 1110 693 1137; x_wconf 87' lang='lat' dir='ltr'>et</span> <span class='ocrx_word' id='word_1_175' title='bbox 706 1107 864 1147; x_wconf 84' lang='lat' dir='ltr'>copiarum</span> <span class='ocrx_word' id='word_1_176' title='bbox 886 1107 1097 1138; x_wconf 76' lang='lat' dir='ltr'>abundantior</span> <span class='ocrx_word' id='word_1_177' title='bbox 1119 1117 1181 1138; x_wconf 79' lang='lat' dir='ltr'>esse</span> <span class='ocrx_word' id='word_1_178' title='bbox 1203 1108 1320 1144; x_wconf 82' lang='lat' dir='ltr'>debuit,</span> <span class='ocrx_word' id='word_1_179' title='bbox 1336 1127 1374 1130; x_wconf 97' lang='lat'><strong>—</strong></span> <span class='ocrx_word' id='word_1_180' title='bbox 1387 1108 1469 1148; x_wconf 80' lang='lat' dir='ltr'>quod</span> <span class='ocrx_word' id='word_1_181' title='bbox 1490 1108 1592 1140; x_wconf 85' lang='lat' dir='ltr'>hostes</span> <span class='ocrx_word' id='word_1_182' title='bbox 1614 1119 1744 1141; x_wconf 86' lang='lat' dir='ltr'>numero</span> 
     </span>
     <span class='ocr_line' id='line_1_18' title="bbox 240 1164 1744 1204; baseline 0.001 -9"><span class='ocrx_word' id='word_1_183' title='bbox 240 1164 414 1204; x_wconf 86' lang='lat' dir='ltr'>superiores</span> <span class='ocrx_word' id='word_1_184' title='bbox 427 1164 466 1195; x_wconf 81' lang='lat' dir='ltr'>ad</span> <span class='ocrx_word' id='word_1_185' title='bbox 482 1175 619 1204; x_wconf 81' lang='lat' dir='ltr'>pugnam</span> <span class='ocrx_word' id='word_1_186' title='bbox 639 1165 882 1204; x_wconf 77' lang='lat' dir='ltr'>provocaverint,</span> <span class='ocrx_word' id='word_1_187' title='bbox 903 1167 1142 1204; x_wconf 83' lang='lat' dir='ltr'>recusantesque</span> <span class='ocrx_word' id='word_1_188' title='bbox 1160 1165 1353 1196; x_wconf 85' lang='lat' dir='ltr'>tentaverint</span> <span class='ocrx_word' id='word_1_189' title='bbox 1373 1166 1489 1197; x_wconf 86' lang='lat' dir='ltr'>crebris</span> <span class='ocrx_word' id='word_1_190' title='bbox 1508 1166 1691 1204; x_wconf 88' lang='lat' dir='ltr'>incursibus,</span> <span class='ocrx_word' id='word_1_191' title='bbox 1706 1185 1744 1189; x_wconf 91' lang='lat'>—</span> 
     </span>
     <span class='ocr_line' id='line_1_19' title="bbox 240 1222 1742 1264; baseline 0.002 -12"><span class='ocrx_word' id='word_1_192' title='bbox 240 1222 323 1262; x_wconf 86' lang='lat' dir='ltr'>quod</span> <span class='ocrx_word' id='word_1_193' title='bbox 344 1222 484 1262; x_wconf 87' lang='lat' dir='ltr'>quolibet</span> <span class='ocrx_word' id='word_1_194' title='bbox 504 1222 621 1262; x_wconf 84' lang='lat' dir='ltr'>praelio</span> <span class='ocrx_word' id='word_1_195' title='bbox 642 1222 774 1261; x_wconf 85' lang='lat' dir='ltr'>potiores</span> <span class='ocrx_word' id='word_1_196' title='bbox 795 1222 957 1254; x_wconf 77' lang='lat' dir='ltr'>evaserint.</span> <span class='ocrx_word' id='word_1_197' title='bbox 980 1223 1100 1262; x_wconf 84' lang='lat' dir='ltr'>ltaque,</span> <span class='ocrx_word' id='word_1_198' title='bbox 1122 1223 1212 1253; x_wconf 87' lang='lat' dir='ltr'>motis</span> <span class='ocrx_word' id='word_1_199' title='bbox 1233 1223 1352 1259; x_wconf 82' lang='lat' dir='ltr'>castris,</span> <span class='ocrx_word' id='word_1_200' title='bbox 1373 1223 1413 1253; x_wconf 86' lang='lat' dir='ltr'>ad</span> <span class='ocrx_word' id='word_1_201' title='bbox 1435 1223 1538 1254; x_wconf 90' lang='lat' dir='ltr'>Olium</span> <span class='ocrx_word' id='word_1_202' title='bbox 1558 1233 1678 1264; x_wconf 86' lang='lat' dir='ltr'>gressus</span> <span class='ocrx_word' id='word_1_203' title='bbox 1696 1234 1742 1255; x_wconf 91' lang='lat' dir='ltr'>re-</span> 
     </span>
     <span class='ocr_line' id='line_1_20' title="bbox 240 1279 1744 1320; baseline 0.003 -11"><span class='ocrx_word' id='word_1_204' title='bbox 240 1279 353 1310; x_wconf 86' lang='lat' dir='ltr'>ferunt.</span> <span class='ocrx_word' id='word_1_205' title='bbox 378 1279 544 1310; x_wconf 80' lang='lat' dir='ltr'>Venientes</span> <span class='ocrx_word' id='word_1_206' title='bbox 565 1279 670 1319; x_wconf 86' lang='lat' dir='ltr'>copiae</span> <span class='ocrx_word' id='word_1_207' title='bbox 690 1279 824 1310; x_wconf 84' lang='lat' dir='ltr'>hostium</span> <span class='ocrx_word' id='word_1_208' title='bbox 846 1280 985 1319; x_wconf 78' lang='lat' dir='ltr'>proxime</span> <span class='ocrx_word' id='word_1_209' title='bbox 1006 1280 1242 1319; x_wconf 65' lang='lat' dir='ltr'>subsequuntur</span> <span class='ocrx_word' id='word_1_210' title='bbox 1258 1281 1286 1310; x_wconf 91' lang='lat'>¹¹.</span> <span class='ocrx_word' id='word_1_211' title='bbox 1310 1280 1345 1311; x_wconf 90' lang='lat' dir='ltr'>In</span> <span class='ocrx_word' id='word_1_212' title='bbox 1367 1291 1441 1320; x_wconf 83' lang='lat' dir='ltr'>agro</span> <span class='ocrx_word' id='word_1_213' title='bbox 1461 1281 1653 1313; x_wconf 81' lang='lat' dir='ltr'>cremonensi</span> <span class='ocrx_word' id='word_1_214' title='bbox 1673 1281 1744 1313; x_wconf 85' lang='lat' dir='ltr'>fessi</span> 
     </span>
     <span class='ocr_line' id='line_1_21' title="bbox 240 1336 1739 1379; baseline 0.001 -12"><span class='ocrx_word' id='word_1_215' title='bbox 240 1336 422 1373; x_wconf 84' lang='lat' dir='ltr'>subsistunt,</span> <span class='ocrx_word' id='word_1_216' title='bbox 445 1336 500 1367; x_wconf 89' lang='lat' dir='ltr'>ubi</span> <span class='ocrx_word' id='word_1_217' title='bbox 515 1337 621 1374; x_wconf 78' lang='lat' dir='ltr'>nostri,</span> <span class='ocrx_word' id='word_1_218' title='bbox 640 1337 726 1368; x_wconf 89' lang='lat' dir='ltr'>nullo</span> <span class='ocrx_word' id='word_1_219' title='bbox 743 1337 823 1367; x_wconf 84' lang='lat' dir='ltr'>vallo</span> <span class='ocrx_word' id='word_1_220' title='bbox 844 1340 899 1367; x_wconf 84' lang='lat' dir='ltr'>aut</span> <span class='ocrx_word' id='word_1_221' title='bbox 914 1338 994 1367; x_wconf 79' lang='lat' dir='ltr'>fossa</span> <span class='ocrx_word' id='word_1_222' title='bbox 1016 1338 1163 1373; x_wconf 83' lang='lat' dir='ltr'>contenti,</span> <span class='ocrx_word' id='word_1_223' title='bbox 1188 1337 1242 1367; x_wconf 89' lang='lat' dir='ltr'>diu</span> <span class='ocrx_word' id='word_1_224' title='bbox 1267 1340 1422 1377; x_wconf 87' lang='lat' dir='ltr'>noctuque</span> <span class='ocrx_word' id='word_1_225' title='bbox 1452 1338 1567 1377; x_wconf 84' lang='lat' dir='ltr'>promti</span> <span class='ocrx_word' id='word_1_226' title='bbox 1587 1348 1739 1379; x_wconf 82' lang='lat' dir='ltr'>pugnare,</span> 
     </span>
     <span class='ocr_line' id='line_1_22' title="bbox 239 1393 1745 1436; baseline 0.002 -12"><span class='ocrx_word' id='word_1_227' title='bbox 239 1393 371 1426; x_wconf 71' lang='lat' dir='ltr'>liberam</span> <span class='ocrx_word' id='word_1_228' title='bbox 386 1394 423 1424; x_wconf 88' lang='lat' dir='ltr'>de</span> <span class='ocrx_word' id='word_1_229' title='bbox 444 1404 475 1424; x_wconf 85' lang='lat' dir='ltr'>se</span> <span class='ocrx_word' id='word_1_230' title='bbox 489 1394 628 1425; x_wconf 83' lang='lat' dir='ltr'>hostibus</span> <span class='ocrx_word' id='word_1_231' title='bbox 648 1394 768 1433; x_wconf 83' lang='lat' dir='ltr'>copiam</span> <span class='ocrx_word' id='word_1_232' title='bbox 788 1394 916 1429; x_wconf 72' lang='lat' dir='ltr'>dabant,</span> <span class='ocrx_word' id='word_1_233' title='bbox 939 1405 1033 1434; x_wconf 81' lang='lat' dir='ltr'>quum</span> <span class='ocrx_word' id='word_1_234' title='bbox 1051 1395 1155 1425; x_wconf 74' lang='lat' dir='ltr'>hostes</span> <span class='ocrx_word' id='word_1_235' title='bbox 1176 1395 1298 1425; x_wconf 62' lang='lat' dir='ltr'>interea*</span> <span class='ocrx_word' id='word_1_236' title='bbox 1317 1404 1349 1425; x_wconf 81' lang='lat' dir='ltr'>se</span> <span class='ocrx_word' id='word_1_237' title='bbox 1362 1395 1383 1411; x_wconf 74' lang='lat'>¹²⁷</span> <span class='ocrx_word' id='word_1_238' title='bbox 1404 1405 1515 1435; x_wconf 82' lang='lat' dir='ltr'>aggere</span> <span class='ocrx_word' id='word_1_239' title='bbox 1531 1397 1563 1426; x_wconf 88' lang='lat' dir='ltr'>et</span> <span class='ocrx_word' id='word_1_240' title='bbox 1577 1395 1656 1427; x_wconf 86' lang='lat' dir='ltr'>fossa</span> <span class='ocrx_word' id='word_1_241' title='bbox 1674 1396 1745 1436; x_wconf 83' lang='lat' dir='ltr'>jun-</span> 
     </span>
     <span class='ocr_line' id='line_1_23' title="bbox 239 1451 1743 1492; baseline 0.001 -10"><span class='ocrx_word' id='word_1_242' title='bbox 239 1452 359 1492; x_wconf 85' lang='lat' dir='ltr'>ctisque</span> <span class='ocrx_word' id='word_1_243' title='bbox 381 1452 522 1483; x_wconf 86' lang='lat' dir='ltr'>curribus</span> <span class='ocrx_word' id='word_1_244' title='bbox 547 1454 720 1482; x_wconf 87' lang='lat' dir='ltr'>tuerentur.</span> <span class='ocrx_word' id='word_1_245' title='bbox 748 1452 808 1482; x_wconf 89' lang='lat' dir='ltr'>Per</span> <span class='ocrx_word' id='word_1_246' title='bbox 828 1451 906 1482; x_wconf 88' lang='lat' dir='ltr'>duos</span> <span class='ocrx_word' id='word_1_247' title='bbox 927 1451 992 1482; x_wconf 85' lang='lat' dir='ltr'>dies</span> <span class='ocrx_word' id='word_1_248' title='bbox 1012 1451 1204 1492; x_wconf 84' lang='lat' dir='ltr'>totidemque</span> <span class='ocrx_word' id='word_1_249' title='bbox 1233 1455 1340 1483; x_wconf 78' lang='lat' dir='ltr'>noctes</span> <span class='ocrx_word' id='word_1_250' title='bbox 1361 1453 1426 1483; x_wconf 84' lang='lat' dir='ltr'>sine</span> <span class='ocrx_word' id='word_1_251' title='bbox 1446 1453 1672 1484; x_wconf 88' lang='lat' dir='ltr'>intermissione</span> <span class='ocrx_word' id='word_1_252' title='bbox 1696 1455 1743 1484; x_wconf 88' lang='lat' dir='ltr'>tu-</span> 
     </span>
     <span class='ocr_line' id='line_1_24' title="bbox 239 1508 1744 1549; baseline 0.001 -9"><span class='ocrx_word' id='word_1_253' title='bbox 239 1509 410 1540; x_wconf 85' lang='lat' dir='ltr'>multuario</span> <span class='ocrx_word' id='word_1_254' title='bbox 430 1509 549 1549; x_wconf 81' lang='lat' dir='ltr'>praelio</span> <span class='ocrx_word' id='word_1_255' title='bbox 570 1512 723 1540; x_wconf 81' lang='lat' dir='ltr'>certatum</span> <span class='ocrx_word' id='word_1_256' title='bbox 739 1512 794 1546; x_wconf 87' lang='lat' dir='ltr'>est,</span> <span class='ocrx_word' id='word_1_257' title='bbox 807 1512 926 1540; x_wconf 87' lang='lat' dir='ltr'>nostros</span> <span class='ocrx_word' id='word_1_258' title='bbox 947 1519 1068 1549; x_wconf 87' lang='lat' dir='ltr'>semper</span> <span class='ocrx_word' id='word_1_259' title='bbox 1090 1510 1258 1540; x_wconf 84' lang='lat' dir='ltr'>comitante</span> <span class='ocrx_word' id='word_1_260' title='bbox 1280 1509 1415 1540; x_wconf 81' lang='lat' dir='ltr'>victoria.</span> <span class='ocrx_word' id='word_1_261' title='bbox 1439 1508 1526 1548; x_wconf 78' lang='lat' dir='ltr'>Quae</span> <span class='ocrx_word' id='word_1_262' title='bbox 1549 1520 1598 1541; x_wconf 85' lang='lat' dir='ltr'>res</span> <span class='ocrx_word' id='word_1_263' title='bbox 1618 1512 1744 1542; x_wconf 88' lang='lat' dir='ltr'>tantum</span> 
     </span>
     <span class='ocr_line' id='line_1_25' title="bbox 239 1566 1745 1608; baseline 0.001 -11"><span class='ocrx_word' id='word_1_264' title='bbox 239 1567 358 1597; x_wconf 86' lang='lat' dir='ltr'>animos</span> <span class='ocrx_word' id='word_1_265' title='bbox 376 1566 511 1597; x_wconf 87' lang='lat' dir='ltr'>hostium</span> <span class='ocrx_word' id='word_1_266' title='bbox 532 1569 738 1604; x_wconf 73' lang='lat' dir='ltr'>exterruerat,</span> <span class='ocrx_word' id='word_1_267' title='bbox 760 1569 805 1604; x_wconf 80' lang='lat' dir='ltr'>ut,</span> <span class='ocrx_word' id='word_1_268' title='bbox 820 1567 877 1597; x_wconf 88' lang='lat' dir='ltr'>etsi</span> <span class='ocrx_word' id='word_1_269' title='bbox 892 1567 1094 1598; x_wconf 87' lang='lat' dir='ltr'>multitudine</span> <span class='ocrx_word' id='word_1_270' title='bbox 1115 1569 1303 1606; x_wconf 83' lang='lat' dir='ltr'>praeessent,</span> <span class='ocrx_word' id='word_1_271' title='bbox 1317 1570 1412 1607; x_wconf 80' lang='lat' dir='ltr'>atque</span> <span class='ocrx_word' id='word_1_272' title='bbox 1433 1567 1465 1597; x_wconf 90' lang='lat' dir='ltr'>in</span> <span class='ocrx_word' id='word_1_273' title='bbox 1480 1577 1588 1608; x_wconf 84' lang='lat' dir='ltr'>campo</span> <span class='ocrx_word' id='word_1_274' title='bbox 1602 1570 1649 1598; x_wconf 89' lang='lat' dir='ltr'>sui</span> <span class='ocrx_word' id='word_1_275' title='bbox 1664 1568 1745 1608; x_wconf 87' lang='lat' dir='ltr'>juris</span> 
     </span>
     <span class='ocr_line' id='line_1_26' title="bbox 244 1623 1745 1664; baseline 0.001 -10"><span class='ocrx_word' id='word_1_276' title='bbox 244 1624 361 1655; x_wconf 87' lang='lat' dir='ltr'>bellum</span> <span class='ocrx_word' id='word_1_277' title='bbox 386 1623 485 1661; x_wconf 85' lang='lat' dir='ltr'>fieret,</span> <span class='ocrx_word' id='word_1_278' title='bbox 514 1634 685 1664; x_wconf 87' lang='lat' dir='ltr'>numquam</span> <span class='ocrx_word' id='word_1_279' title='bbox 707 1626 812 1655; x_wconf 85' lang='lat' dir='ltr'>tamen</span> <span class='ocrx_word' id='word_1_280' title='bbox 837 1627 906 1655; x_wconf 89' lang='lat' dir='ltr'>tuto</span> <span class='ocrx_word' id='word_1_281' title='bbox 926 1635 957 1655; x_wconf 90' lang='lat' dir='ltr'>se</span> <span class='ocrx_word' id='word_1_282' title='bbox 979 1635 1101 1664; x_wconf 78' lang='lat' dir='ltr'>pugnae</span> <span class='ocrx_word' id='word_1_283' title='bbox 1124 1624 1250 1656; x_wconf 87' lang='lat' dir='ltr'>credere</span> <span class='ocrx_word' id='word_1_284' title='bbox 1278 1624 1438 1656; x_wconf 85' lang='lat' dir='ltr'>auderent.</span> <span class='ocrx_word' id='word_1_285' title='bbox 1462 1624 1505 1656; x_wconf 86' lang='lat' dir='ltr'>Eo</span> <span class='ocrx_word' id='word_1_286' title='bbox 1526 1624 1585 1656; x_wconf 89' lang='lat' dir='ltr'>loci</span> <span class='ocrx_word' id='word_1_287' title='bbox 1606 1625 1708 1656; x_wconf 86' lang='lat' dir='ltr'>evenit</span> <span class='ocrx_word' id='word_1_288' title='bbox 1723 1625 1745 1643; x_wconf 74' lang='lat'>¹3</span> 
     </span>
     <span class='ocr_line' id='line_1_27' title="bbox 241 1680 1746 1722; baseline 0.001 -10"><span class='ocrx_word' id='word_1_289' title='bbox 241 1680 324 1720; x_wconf 85' lang='lat' dir='ltr'>quod</span> <span class='ocrx_word' id='word_1_290' title='bbox 345 1681 504 1711; x_wconf 85' lang='lat' dir='ltr'>dominum</span> <span class='ocrx_word' id='word_1_291' title='bbox 530 1681 705 1712; x_wconf 69' lang='lat' dir='ltr'>Commium</span> <span class='ocrx_word' id='word_1_292' title='bbox 730 1681 874 1712; x_wconf 72' lang='lat' dir='ltr'>Comitem</span> <span class='ocrx_word' id='word_1_293' title='bbox 894 1681 1056 1713; x_wconf 84' lang='lat' dir='ltr'>clariorem</span> <span class='ocrx_word' id='word_1_294' title='bbox 1072 1682 1092 1698; x_wconf 79' lang='lat'>¹⁴</span> <span class='ocrx_word' id='word_1_295' title='bbox 1115 1681 1257 1713; x_wconf 89' lang='lat' dir='ltr'>efficeret.</span> <span class='ocrx_word' id='word_1_296' title='bbox 1280 1681 1432 1713; x_wconf 85' lang='lat' dir='ltr'>Plurimos</span> <span class='ocrx_word' id='word_1_297' title='bbox 1452 1691 1588 1722; x_wconf 83' lang='lat' dir='ltr'>namque</span> <span class='ocrx_word' id='word_1_298' title='bbox 1608 1681 1746 1714; x_wconf 88' lang='lat' dir='ltr'>hostium</span> 
     </span>
     <span class='ocr_line' id='line_1_28' title="bbox 240 1738 1742 1779; baseline 0 -10"><span class='ocrx_word' id='word_1_299' title='bbox 240 1738 273 1769; x_wconf 88' lang='lat' dir='ltr'>in</span> <span class='ocrx_word' id='word_1_300' title='bbox 294 1739 430 1770; x_wconf 87' lang='lat' dir='ltr'>medium</span> <span class='ocrx_word' id='word_1_301' title='bbox 451 1738 612 1776; x_wconf 84' lang='lat' dir='ltr'>deductos,</span> <span class='ocrx_word' id='word_1_302' title='bbox 633 1749 694 1770; x_wconf 91' lang='lat' dir='ltr'>non</span> <span class='ocrx_word' id='word_1_303' title='bbox 714 1741 780 1769; x_wconf 75' lang='lat' dir='ltr'>tam</span> <span class='ocrx_word' id='word_1_304' title='bbox 802 1739 923 1769; x_wconf 77' lang='lat' dir='ltr'>fortiter</span> <span class='ocrx_word' id='word_1_305' title='bbox 943 1749 1039 1778; x_wconf 84' lang='lat' dir='ltr'>quam</span> <span class='ocrx_word' id='word_1_306' title='bbox 1060 1738 1226 1770; x_wconf 85' lang='lat' dir='ltr'>indiscrete</span> <span class='ocrx_word' id='word_1_307' title='bbox 1253 1741 1436 1779; x_wconf 73' lang='lat' dir='ltr'>pugnantes.</span> <span class='ocrx_word' id='word_1_308' title='bbox 1459 1739 1494 1776; x_wconf 85' lang='lat' dir='ltr'>is,</span> <span class='ocrx_word' id='word_1_309' title='bbox 1515 1749 1586 1771; x_wconf 87' lang='lat' dir='ltr'>cum</span> <span class='ocrx_word' id='word_1_310' title='bbox 1606 1739 1669 1770; x_wconf 88' lang='lat' dir='ltr'>suis</span> <span class='ocrx_word' id='word_1_311' title='bbox 1688 1739 1742 1769; x_wconf 89' lang='lat' dir='ltr'>mi-</span> 
     </span>
     <span class='ocr_line' id='line_1_29' title="bbox 241 1795 1744 1836; baseline 0 -9"><span class='ocrx_word' id='word_1_312' title='bbox 241 1796 349 1827; x_wconf 83' lang='lat' dir='ltr'>litibus</span> <span class='ocrx_word' id='word_1_313' title='bbox 369 1806 389 1827; x_wconf 85' lang='lat' dir='ltr'>a</span> <span class='ocrx_word' id='word_1_314' title='bbox 408 1799 496 1836; x_wconf 84' lang='lat' dir='ltr'>tergo</span> <span class='ocrx_word' id='word_1_315' title='bbox 516 1795 641 1826; x_wconf 89' lang='lat' dir='ltr'>veniens</span> <span class='ocrx_word' id='word_1_316' title='bbox 656 1796 686 1832; x_wconf 83' lang='lat'>¹⁵,</span> <span class='ocrx_word' id='word_1_317' title='bbox 707 1796 881 1836; x_wconf 87' lang='lat' dir='ltr'>intercepit,</span> <span class='ocrx_word' id='word_1_318' title='bbox 897 1797 1003 1836; x_wconf 83' lang='lat' dir='ltr'>eisque</span> <span class='ocrx_word' id='word_1_319' title='bbox 1017 1797 1220 1834; x_wconf 52' lang='lat' dir='ltr'>obtruncatis</span> <span class='ocrx_word' id='word_1_320' title='bbox 1235 1807 1367 1836; x_wconf 83' lang='lat' dir='ltr'>quorum</span> <span class='ocrx_word' id='word_1_321' title='bbox 1387 1806 1553 1828; x_wconf 89' lang='lat' dir='ltr'>numerum</span> <span class='ocrx_word' id='word_1_322' title='bbox 1568 1797 1599 1834; x_wconf 74' lang='lat'>¹⁶,</span> <span class='ocrx_word' id='word_1_323' title='bbox 1622 1798 1744 1828; x_wconf 84' lang='lat' dir='ltr'>constat</span> 
     </span>
     <span class='ocr_line' id='line_1_30' title="bbox 241 1853 1397 1890; baseline 0 -6"><span class='ocrx_word' id='word_1_324' title='bbox 241 1853 455 1884; x_wconf 81' lang='lat' dir='ltr'>centenarium</span> <span class='ocrx_word' id='word_1_325' title='bbox 471 1853 491 1869; x_wconf 82' lang='lat'>¹⁷</span> <span class='ocrx_word' id='word_1_326' title='bbox 512 1853 751 1890; x_wconf 79' lang='lat' dir='ltr'>transcendisse,</span> <span class='ocrx_word' id='word_1_327' title='bbox 772 1854 950 1884; x_wconf 84' lang='lat' dir='ltr'>victoriosus</span> <span class='ocrx_word' id='word_1_328' title='bbox 965 1854 987 1871; x_wconf 75' lang='lat'>¹⁸</span> <span class='ocrx_word' id='word_1_329' title='bbox 1006 1853 1038 1884; x_wconf 89' lang='lat' dir='ltr'>in</span> <span class='ocrx_word' id='word_1_330' title='bbox 1058 1857 1162 1884; x_wconf 85' lang='lat' dir='ltr'>castra</span> <span class='ocrx_word' id='word_1_331' title='bbox 1182 1863 1323 1884; x_wconf 86' lang='lat' dir='ltr'>reversus</span> <span class='ocrx_word' id='word_1_332' title='bbox 1343 1857 1397 1885; x_wconf 87' lang='lat' dir='ltr'>est.</span> 
     </span>
    </p>

    <p class='ocr_par' dir='ltr' id='par_1_5' title="bbox 241 1910 1746 2180">
     <span class='ocr_line' id='line_1_31' title="bbox 322 1910 1746 1951; baseline 0.001 -10"><span class='ocrx_word' id='word_1_333' title='bbox 322 1910 449 1942; x_wconf 80' lang='lat' dir='ltr'>Talibus</span> <span class='ocrx_word' id='word_1_334' title='bbox 469 1910 690 1942; x_wconf 88' lang='lat' dir='ltr'>monitionibus</span> <span class='ocrx_word' id='word_1_335' title='bbox 707 1910 728 1927; x_wconf 73' lang='lat'>¹⁹</span> <span class='ocrx_word' id='word_1_336' title='bbox 749 1911 901 1951; x_wconf 78' lang='lat' dir='ltr'>castigati,</span> <span class='ocrx_word' id='word_1_337' title='bbox 925 1911 1027 1942; x_wconf 86' lang='lat' dir='ltr'>hostes</span> <span class='ocrx_word' id='word_1_338' title='bbox 1047 1911 1193 1951; x_wconf 85' lang='lat' dir='ltr'>congredi</span> <span class='ocrx_word' id='word_1_339' title='bbox 1213 1910 1349 1942; x_wconf 88' lang='lat' dir='ltr'>cominus</span> <span class='ocrx_word' id='word_1_340' title='bbox 1368 1913 1400 1942; x_wconf 91' lang='lat' dir='ltr'>et</span> <span class='ocrx_word' id='word_1_341' title='bbox 1418 1911 1560 1942; x_wconf 82' lang='lat' dir='ltr'>conferre</span> <span class='ocrx_word' id='word_1_342' title='bbox 1579 1921 1709 1943; x_wconf 88' lang='lat' dir='ltr'>manum</span> <span class='ocrx_word' id='word_1_343' title='bbox 1722 1911 1746 1929; x_wconf 72' lang='lat'>²⁰</span> 
     </span>
     <span class='ocr_line' id='line_1_32' title="bbox 241 1967 1745 2009; baseline 0.001 -11"><span class='ocrx_word' id='word_1_344' title='bbox 241 1967 437 2004; x_wconf 84' lang='lat' dir='ltr'>recusabant,</span> <span class='ocrx_word' id='word_1_345' title='bbox 457 1967 511 1998; x_wconf 87' lang='lat' dir='ltr'>sed</span> <span class='ocrx_word' id='word_1_346' title='bbox 531 1968 724 2007; x_wconf 85' lang='lat' dir='ltr'>pedetentim</span> <span class='ocrx_word' id='word_1_347' title='bbox 752 1968 901 2008; x_wconf 85' lang='lat' dir='ltr'>carpturi,</span> <span class='ocrx_word' id='word_1_348' title='bbox 922 1968 947 1998; x_wconf 87' lang='lat' dir='ltr'>si</span> <span class='ocrx_word' id='word_1_349' title='bbox 967 1967 1042 2008; x_wconf 86' lang='lat' dir='ltr'>quid</span> <span class='ocrx_word' id='word_1_350' title='bbox 1063 1968 1183 2008; x_wconf 86' lang='lat' dir='ltr'>longius</span> <span class='ocrx_word' id='word_1_351' title='bbox 1203 1978 1223 1999; x_wconf 85' lang='lat' dir='ltr'>a</span> <span class='ocrx_word' id='word_1_352' title='bbox 1244 1968 1338 2009; x_wconf 85' lang='lat' dir='ltr'>signis</span> <span class='ocrx_word' id='word_1_353' title='bbox 1364 1970 1542 2008; x_wconf 84' lang='lat' dir='ltr'>vagaretur,</span> <span class='ocrx_word' id='word_1_354' title='bbox 1569 1968 1745 2000; x_wconf 85' lang='lat' dir='ltr'>venientem</span> 
     </span>
     <span class='ocr_line' id='line_1_33' title="bbox 241 2024 1745 2066; baseline 0.001 -11"><span class='ocrx_word' id='word_1_355' title='bbox 241 2025 453 2064; x_wconf 85' lang='lat' dir='ltr'>sequebantur</span> <span class='ocrx_word' id='word_1_356' title='bbox 474 2025 654 2055; x_wconf 84' lang='lat' dir='ltr'>exercitum.</span> <span class='ocrx_word' id='word_1_357' title='bbox 676 2025 807 2055; x_wconf 88' lang='lat' dir='ltr'>Plurimi</span> <span class='ocrx_word' id='word_1_358' title='bbox 827 2025 884 2056; x_wconf 89' lang='lat' dir='ltr'>sub</span> <span class='ocrx_word' id='word_1_359' title='bbox 906 2025 938 2055; x_wconf 88' lang='lat' dir='ltr'>id</span> <span class='ocrx_word' id='word_1_360' title='bbox 957 2028 1080 2064; x_wconf 79' lang='lat' dir='ltr'>tempus</span> <span class='ocrx_word' id='word_1_361' title='bbox 1101 2024 1171 2055; x_wconf 84' lang='lat' dir='ltr'>falsi</span> <span class='ocrx_word' id='word_1_362' title='bbox 1191 2035 1341 2062; x_wconf 85' lang='lat' dir='ltr'>rumores,</span> <span class='ocrx_word' id='word_1_363' title='bbox 1363 2025 1417 2065; x_wconf 87' lang='lat' dir='ltr'>qui</span> <span class='ocrx_word' id='word_1_364' title='bbox 1442 2035 1525 2056; x_wconf 90' lang='lat' dir='ltr'>nunc</span> <span class='ocrx_word' id='word_1_365' title='bbox 1546 2035 1632 2066; x_wconf 86' lang='lat' dir='ltr'>spem</span> <span class='ocrx_word' id='word_1_366' title='bbox 1653 2025 1745 2057; x_wconf 83' lang='lat' dir='ltr'>adde-</span> 
     </span>
     <span class='ocr_line' id='line_1_34' title="bbox 242 2081 1742 2122; baseline 0.001 -10"><span class='ocrx_word' id='word_1_367' title='bbox 242 2084 313 2112; x_wconf 86' lang='lat' dir='ltr'>rent</span> <span class='ocrx_word' id='word_1_368' title='bbox 333 2092 416 2112; x_wconf 90' lang='lat' dir='ltr'>nunc</span> <span class='ocrx_word' id='word_1_369' title='bbox 436 2081 648 2118; x_wconf 75' lang='lat' dir='ltr'>detraherent,</span> <span class='ocrx_word' id='word_1_370' title='bbox 671 2082 711 2112; x_wconf 87' lang='lat' dir='ltr'>ad</span> <span class='ocrx_word' id='word_1_371' title='bbox 731 2092 785 2113; x_wconf 81' lang='lat' dir='ltr'>nos</span> <span class='ocrx_word' id='word_1_372' title='bbox 806 2082 990 2114; x_wconf 80' lang='lat' dir='ltr'>ferebantur</span> <span class='ocrx_word' id='word_1_373' title='bbox 1009 2082 1164 2122; x_wconf 84' lang='lat' dir='ltr'>quotidie;</span> <span class='ocrx_word' id='word_1_374' title='bbox 1184 2101 1222 2105; x_wconf 89' lang='lat'>—-</span> <span class='ocrx_word' id='word_1_375' title='bbox 1242 2085 1336 2122; x_wconf 86' lang='lat' dir='ltr'>atque</span> <span class='ocrx_word' id='word_1_376' title='bbox 1356 2084 1389 2114; x_wconf 88' lang='lat' dir='ltr'>in</span> <span class='ocrx_word' id='word_1_377' title='bbox 1410 2082 1519 2122; x_wconf 88' lang='lat' dir='ltr'>primis</span> <span class='ocrx_word' id='word_1_378' title='bbox 1539 2082 1577 2114; x_wconf 88' lang='lat' dir='ltr'>de</span> <span class='ocrx_word' id='word_1_379' title='bbox 1602 2083 1742 2114; x_wconf 87' lang='lat' dir='ltr'>exercitu</span> 
     </span>
     <span class='ocr_line' id='line_1_35' title="bbox 242 2139 1744 2180; baseline 0.001 -11"><span class='ocrx_word' id='word_1_380' title='bbox 242 2141 356 2177; x_wconf 80' lang='lat' dir='ltr'>nostro,</span> <span class='ocrx_word' id='word_1_381' title='bbox 377 2149 473 2178; x_wconf 86' lang='lat' dir='ltr'>quum</span> <span class='ocrx_word' id='word_1_382' title='bbox 495 2149 644 2178; x_wconf 85' lang='lat' dir='ltr'>persaepe</span> <span class='ocrx_word' id='word_1_383' title='bbox 666 2139 823 2176; x_wconf 87' lang='lat' dir='ltr'>victorem,</span> <span class='ocrx_word' id='word_1_384' title='bbox 844 2149 993 2180; x_wconf 85' lang='lat' dir='ltr'>persaepe</span> <span class='ocrx_word' id='word_1_385' title='bbox 1013 2140 1138 2177; x_wconf 85' lang='lat' dir='ltr'>victum,</span> <span class='ocrx_word' id='word_1_386' title='bbox 1160 2143 1191 2171; x_wconf 87' lang='lat' dir='ltr'>et</span> <span class='ocrx_word' id='word_1_387' title='bbox 1210 2140 1243 2170; x_wconf 89' lang='lat' dir='ltr'>in</span> <span class='ocrx_word' id='word_1_388' title='bbox 1263 2139 1414 2180; x_wconf 86' lang='lat' dir='ltr'>augustiis</span> <span class='ocrx_word' id='word_1_389' title='bbox 1435 2139 1575 2171; x_wconf 84' lang='lat' dir='ltr'>clausum</span> <span class='ocrx_word' id='word_1_390' title='bbox 1595 2140 1744 2180; x_wconf 83' lang='lat' dir='ltr'>dicerent,</span> 
     </span>
    </p>
   </div>
   <div class='ocr_carea' id='block_1_3' title="bbox 251 2231 1751 2618">
    <p class='ocr_par' dir='ltr' id='par_1_6' title="bbox 253 2231 1686 2268">
     <span class='ocr_line' id='line_1_36' title="bbox 253 2231 1686 2268; baseline 0.001 -10"><span class='ocrx_word' id='word_1_391' title='bbox 253 2232 260 2249; x_wconf 93' lang='grc'>1</span> <span class='ocrx_word' id='word_1_392' title='bbox 281 2231 326 2260; x_wconf 87' lang='lat' dir='ltr'>Br.</span> <span class='ocrx_word' id='word_1_393' title='bbox 346 2239 359 2258; x_wconf 83' lang='lat' dir='ltr'>e</span> <span class='ocrx_word' id='word_1_394' title='bbox 380 2231 440 2260; x_wconf 84' lang='lat' dir='ltr'>PM.</span> <span class='ocrx_word' id='word_1_395' title='bbox 460 2241 527 2259; x_wconf 67' lang='lat' dir='ltr'>rnro</span> <span class='ocrx_word' id='word_1_396' title='bbox 1013 2235 1031 2250; x_wconf 85' lang='lat'>¹¹</span> <span class='ocrx_word' id='word_1_397' title='bbox 1053 2233 1147 2266; x_wconf 81' lang='lat' dir='ltr'>Questi</span> <span class='ocrx_word' id='word_1_398' title='bbox 1167 2233 1218 2261; x_wconf 81' lang='lat' dir='ltr'>due</span> <span class='ocrx_word' id='word_1_399' title='bbox 1235 2232 1341 2268; x_wconf 82' lang='lat' dir='ltr'>periodi</span> <span class='ocrx_word' id='word_1_400' title='bbox 1360 2240 1426 2261; x_wconf 87' lang='lat' dir='ltr'>sono</span> <span class='ocrx_word' id='word_1_401' title='bbox 1448 2233 1547 2261; x_wconf 81' lang='lat' dir='ltr'>omessi</span> <span class='ocrx_word' id='word_1_402' title='bbox 1566 2233 1612 2262; x_wconf 87' lang='lat' dir='ltr'>nel</span> <span class='ocrx_word' id='word_1_403' title='bbox 1631 2234 1686 2261; x_wconf 86' lang='lat' dir='ltr'>PP.</span> 
     </span>
    </p>

    <p class='ocr_par' dir='ltr' id='par_1_7' title="bbox 251 2275 1160 2310">
     <span class='ocr_line' id='line_1_37' title="bbox 251 2275 1160 2310; baseline 0.003 -8"><span class='ocrx_word' id='word_1_404' title='bbox 251 2277 262 2293; x_wconf 76' lang='lat'>2</span> <span class='ocrx_word' id='word_1_405' title='bbox 282 2275 327 2304; x_wconf 83' lang='lat' dir='ltr'>Gr.</span> <span class='ocrx_word' id='word_1_406' title='bbox 346 2276 540 2310; x_wconf 67' lang='lat' dir='ltr'>impetrabant</span> <span class='ocrx_word' id='word_1_407' title='bbox 1016 2279 1035 2295; x_wconf 75' lang='lat'>¹2</span> <span class='ocrx_word' id='word_1_408' title='bbox 1055 2278 1115 2305; x_wconf 87' lang='lat' dir='ltr'>PM.</span> <span class='ocrx_word' id='word_1_409' title='bbox 1134 2277 1160 2305; x_wconf 82' lang='lat' dir='ltr'>si</span> 
     </span>
    </p>

    <p class='ocr_par' dir='ltr' id='par_1_8' title="bbox 252 2319 1357 2354">
     <span class='ocr_line' id='line_1_38' title="bbox 252 2319 1357 2354; baseline 0.004 -8"><span class='ocrx_word' id='word_1_410' title='bbox 252 2320 263 2337; x_wconf 80' lang='lat'><strong>³</strong></span> <span class='ocrx_word' id='word_1_411' title='bbox 281 2319 351 2348; x_wconf 86' lang='lat' dir='ltr'>Mur.</span> <span class='ocrx_word' id='word_1_412' title='bbox 365 2320 528 2354; x_wconf 68' lang='lat' dir='ltr'>proficiunt</span> <span class='ocrx_word' id='word_1_413' title='bbox 1014 2324 1035 2340; x_wconf 72' lang='grc'><strong>13</strong></span> <span class='ocrx_word' id='word_1_414' title='bbox 1054 2322 1098 2349; x_wconf 87' lang='lat' dir='ltr'>Br.</span> <span class='ocrx_word' id='word_1_415' title='bbox 1118 2330 1131 2349; x_wconf 88' lang='lat' dir='ltr'>e</span> <span class='ocrx_word' id='word_1_416' title='bbox 1150 2322 1210 2351; x_wconf 79' lang='lat' dir='ltr'>PM.</span> <span class='ocrx_word' id='word_1_417' title='bbox 1230 2323 1307 2350; x_wconf 69' lang='lat' dir='ltr'>venit</span> <span class='ocrx_word' id='word_1_418' title='bbox 1326 2324 1357 2350; x_wconf 76' lang='lat' dir='ltr'>nt</span> 
     </span>
    </p>

    <p class='ocr_par' dir='ltr' id='par_1_9' title="bbox 252 2363 1276 2398">
     <span class='ocr_line' id='line_1_39' title="bbox 252 2363 1276 2398; baseline 0.004 -7"><span class='ocrx_word' id='word_1_419' title='bbox 252 2364 262 2381; x_wconf 86' lang='lat'>⁴</span> <span class='ocrx_word' id='word_1_420' title='bbox 282 2363 337 2392; x_wconf 85' lang='lat' dir='ltr'>PP.</span> <span class='ocrx_word' id='word_1_421' title='bbox 357 2366 511 2398; x_wconf 69' lang='lat' dir='ltr'>erumpunt</span> <span class='ocrx_word' id='word_1_422' title='bbox 1013 2368 1034 2385; x_wconf 83' lang='lat'>¹⁴</span> <span class='ocrx_word' id='word_1_423' title='bbox 1054 2367 1108 2396; x_wconf 85' lang='lat' dir='ltr'>PP.</span> <span class='ocrx_word' id='word_1_424' title='bbox 1131 2367 1276 2395; x_wconf 71' lang='lat' dir='ltr'>elatiorem</span> 
     </span>
    </p>

    <p class='ocr_par' dir='ltr' id='par_1_10' title="bbox 252 2407 1751 2491">
     <span class='ocr_line' id='line_1_40' title="bbox 252 2407 1751 2447; baseline 0.003 -12"><span class='ocrx_word' id='word_1_425' title='bbox 252 2409 264 2426; x_wconf 89' lang='lat'>⁵</span> <span class='ocrx_word' id='word_1_426' title='bbox 282 2407 327 2436; x_wconf 70' lang='grc' dir='ltr'>ΒΥ.</span> <span class='ocrx_word' id='word_1_427' title='bbox 348 2407 393 2436; x_wconf 83' lang='lat' dir='ltr'>Gr.</span> <span class='ocrx_word' id='word_1_428' title='bbox 412 2408 473 2436; x_wconf 76' lang='lat' dir='ltr'>PM.</span> <span class='ocrx_word' id='word_1_429' title='bbox 492 2417 505 2436; x_wconf 84' lang='lat' dir='ltr'>e</span> <span class='ocrx_word' id='word_1_430' title='bbox 525 2409 593 2438; x_wconf 78' lang='lat' dir='ltr'>Reff.</span> <span class='ocrx_word' id='word_1_431' title='bbox 606 2418 663 2445; x_wconf 76' lang='lat' dir='ltr'>per</span> <span class='ocrx_word' id='word_1_432' title='bbox 682 2419 726 2438; x_wconf 81' lang='lat' dir='ltr'>eos</span> <span class='ocrx_word' id='word_1_433' title='bbox 745 2410 805 2438; x_wconf 80' lang='lat' dir='ltr'>dies</span> <span class='ocrx_word' id='word_1_434' title='bbox 1013 2413 1035 2429; x_wconf 72' lang='lat'>¹5</span> <span class='ocrx_word' id='word_1_435' title='bbox 1054 2411 1099 2439; x_wconf 68' lang='grc' dir='ltr'>ΒΥ.</span> <span class='ocrx_word' id='word_1_436' title='bbox 1113 2420 1126 2439; x_wconf 82' lang='lat' dir='ltr'>e</span> <span class='ocrx_word' id='word_1_437' title='bbox 1140 2411 1198 2440; x_wconf 83' lang='lat' dir='ltr'>PM.</span> <span class='ocrx_word' id='word_1_438' title='bbox 1212 2420 1277 2440; x_wconf 71' lang='lat' dir='ltr'>ozi-m</span> <span class='ocrx_word' id='word_1_439' title='bbox 1295 2411 1395 2439; x_wconf 78' lang='lat' dir='ltr'>multis</span> <span class='ocrx_word' id='word_1_440' title='bbox 1407 2411 1468 2439; x_wconf 78' lang='lat' dir='ltr'>suis</span> <span class='ocrx_word' id='word_1_441' title='bbox 1481 2420 1498 2439; x_wconf 86' lang='grc' dir='ltr'><em>α</em></span> <span class='ocrx_word' id='word_1_442' title='bbox 1512 2413 1589 2447; x_wconf 71' lang='lat' dir='ltr'>terqo</span> <span class='ocrx_word' id='word_1_443' title='bbox 1606 2410 1751 2440; x_wconf 73' lang='lat' dir='ltr'>vementes</span> 
     </span>
     <span class='ocr_line' id='line_1_41' title="bbox 252 2452 1692 2491; baseline 0.003 -12"><span class='ocrx_word' id='word_1_444' title='bbox 252 2453 263 2470; x_wconf 72' lang='grc'>6</span> <span class='ocrx_word' id='word_1_445' title='bbox 282 2452 327 2480; x_wconf 88' lang='lat' dir='ltr'>Br.</span> <span class='ocrx_word' id='word_1_446' title='bbox 347 2452 393 2481; x_wconf 81' lang='lat' dir='ltr'>Gr.</span> <span class='ocrx_word' id='word_1_447' title='bbox 413 2460 426 2479; x_wconf 85' lang='lat' dir='ltr'>e</span> <span class='ocrx_word' id='word_1_448' title='bbox 445 2453 506 2482; x_wconf 88' lang='lat' dir='ltr'>PM.</span> <span class='ocrx_word' id='word_1_449' title='bbox 524 2453 592 2481; x_wconf 77' lang='lat' dir='ltr'>dnm</span> <span class='ocrx_word' id='word_1_450' title='bbox 611 2454 738 2482; x_wconf 74' lang='lat' dir='ltr'>Jonnnis</span> <span class='ocrx_word' id='word_1_451' title='bbox 757 2454 907 2490; x_wconf 77' lang='lat' dir='ltr'>Baptistae</span> <span class='ocrx_word' id='word_1_452' title='bbox 1014 2457 1035 2474; x_wconf 80' lang='lat'>¹⁰</span> <span class='ocrx_word' id='word_1_453' title='bbox 1054 2456 1109 2485; x_wconf 88' lang='lat' dir='ltr'>PP.</span> <span class='ocrx_word' id='word_1_454' title='bbox 1128 2464 1269 2491; x_wconf 69' lang='lat' dir='ltr'>quaram,</span> <span class='ocrx_word' id='word_1_455' title='bbox 1291 2455 1336 2484; x_wconf 82' lang='lat' dir='ltr'>Gr.</span> <span class='ocrx_word' id='word_1_456' title='bbox 1355 2463 1455 2483; x_wconf 76' lang='lat' dir='ltr'>verum</span> <span class='ocrx_word' id='word_1_457' title='bbox 1473 2463 1521 2490; x_wconf 86' lang='lat' dir='ltr'>per</span> <span class='ocrx_word' id='word_1_458' title='bbox 1539 2463 1692 2484; x_wconf 75' lang='lat' dir='ltr'>nnmerum</span> 
     </span>
    </p>

    <p class='ocr_par' dir='ltr' id='par_1_11' title="bbox 251 2496 1238 2529">
     <span class='ocr_line' id='line_1_42' title="bbox 251 2496 1238 2529; baseline 0.005 -6"><span class='ocrx_word' id='word_1_459' title='bbox 251 2497 262 2513; x_wconf 90' lang='lat'>⁷</span> <span class='ocrx_word' id='word_1_460' title='bbox 280 2496 336 2524; x_wconf 89' lang='lat' dir='ltr'>PP.</span> <span class='ocrx_word' id='word_1_461' title='bbox 355 2505 368 2524; x_wconf 83' lang='lat' dir='ltr'>e</span> <span class='ocrx_word' id='word_1_462' title='bbox 387 2497 457 2525; x_wconf 87' lang='lat' dir='ltr'>Mur.</span> <span class='ocrx_word' id='word_1_463' title='bbox 476 2506 578 2526; x_wconf 60' lang='lat' dir='ltr'>cursus</span> <span class='ocrx_word' id='word_1_464' title='bbox 1012 2501 1034 2517; x_wconf 89' lang='lat'>¹⁷</span> <span class='ocrx_word' id='word_1_465' title='bbox 1053 2500 1106 2529; x_wconf 74' lang='lat'>1³1³.</span> <span class='ocrx_word' id='word_1_466' title='bbox 1126 2501 1238 2528; x_wconf 77' lang='lat' dir='ltr'>centnm</span> 
     </span>
    </p>

    <p class='ocr_par' dir='ltr' id='par_1_12' title="bbox 252 2540 1311 2578">
     <span class='ocr_line' id='line_1_43' title="bbox 252 2540 1311 2578; baseline 0.005 -11"><span class='ocrx_word' id='word_1_467' title='bbox 252 2540 263 2557; x_wconf 75' lang='lat'><strong>⁸</strong></span> <span class='ocrx_word' id='word_1_468' title='bbox 281 2540 326 2568; x_wconf 73' lang='grc' dir='ltr'>ΒΓ.</span> <span class='ocrx_word' id='word_1_469' title='bbox 339 2541 551 2578; x_wconf 44' lang='lat' dir='ltr'>permiserim&amp;</span> <span class='ocrx_word' id='word_1_470' title='bbox 571 2542 617 2571; x_wconf 82' lang='lat' dir='ltr'>Gr.</span> <span class='ocrx_word' id='word_1_471' title='bbox 637 2543 697 2572; x_wconf 82' lang='lat' dir='ltr'>PM.</span> <span class='ocrx_word' id='word_1_472' title='bbox 711 2543 912 2578; x_wconf 64' lang='lat' dir='ltr'>promiserunt</span> <span class='ocrx_word' id='word_1_473' title='bbox 1017 2545 1039 2562; x_wconf 75' lang='lat'>¹⁸</span> <span class='ocrx_word' id='word_1_474' title='bbox 1058 2544 1111 2573; x_wconf 84' lang='lat' dir='ltr'>PP.</span> <span class='ocrx_word' id='word_1_475' title='bbox 1132 2545 1311 2573; x_wconf 75' lang='lat' dir='ltr'>victoriosius</span> 
     </span>
    </p>

    <p class='ocr_par' dir='ltr' id='par_1_13' title="bbox 251 2584 1510 2618">
     <span class='ocr_line' id='line_1_44' title="bbox 251 2584 1510 2618; baseline 0.004 -7"><span class='ocrx_word' id='word_1_476' title='bbox 251 2584 262 2600; x_wconf 82' lang='lat'>⁹</span> <span class='ocrx_word' id='word_1_477' title='bbox 281 2584 335 2611; x_wconf 88' lang='lat' dir='ltr'>PP.</span> <span class='ocrx_word' id='word_1_478' title='bbox 355 2585 409 2612; x_wconf 80' lang='lat' dir='ltr'>iter</span> <span class='ocrx_word' id='word_1_479' title='bbox 1015 2589 1036 2606; x_wconf 81' lang='lat'>¹⁹</span> <span class='ocrx_word' id='word_1_480' title='bbox 1056 2589 1100 2616; x_wconf 84' lang='lat' dir='ltr'>Gr.</span> <span class='ocrx_word' id='word_1_481' title='bbox 1121 2588 1166 2618; x_wconf 71' lang='grc' dir='ltr'>ΒΥ,</span> <span class='ocrx_word' id='word_1_482' title='bbox 1185 2596 1199 2616; x_wconf 89' lang='lat' dir='ltr'>e</span> <span class='ocrx_word' id='word_1_483' title='bbox 1217 2588 1278 2617; x_wconf 81' lang='lat' dir='ltr'>PM.</span> <span class='ocrx_word' id='word_1_484' title='bbox 1298 2588 1510 2617; x_wconf 76' lang='lat' dir='ltr'>munitionibus</span> 
     </span>
    </p>
   </div>
   <div class='ocr_carea' id='block_1_4' title="bbox 241 2628 1753 2669">
    <p class='ocr_par' dir='ltr' id='par_1_14' title="bbox 241 2628 1753 2669">
     <span class='ocr_line' id='line_1_45' title="bbox 241 2628 1753 2669; baseline 0.003 -13"><span class='ocrx_word' id='word_1_485' title='bbox 241 2628 264 2645; x_wconf 81' lang='lat'>¹0</span> <span class='ocrx_word' id='word_1_486' title='bbox 282 2628 328 2657; x_wconf 72' lang='grc' dir='ltr'>ΒΥ,</span> <span class='ocrx_word' id='word_1_487' title='bbox 347 2629 393 2657; x_wconf 85' lang='lat' dir='ltr'>Gr.</span> <span class='ocrx_word' id='word_1_488' title='bbox 412 2637 425 2656; x_wconf 86' lang='lat' dir='ltr'>e</span> <span class='ocrx_word' id='word_1_489' title='bbox 445 2629 507 2657; x_wconf 87' lang='lat' dir='ltr'>PM.</span> <span class='ocrx_word' id='word_1_490' title='bbox 526 2630 614 2658; x_wconf 76' lang='lat' dir='ltr'>victui</span> <span class='ocrx_word' id='word_1_491' title='bbox 1014 2633 1036 2650; x_wconf 70' lang='lat'>2⁰</span> <span class='ocrx_word' id='word_1_492' title='bbox 1056 2632 1101 2660; x_wconf 85' lang='lat' dir='ltr'>Gr.</span> <span class='ocrx_word' id='word_1_493' title='bbox 1121 2632 1165 2660; x_wconf 73' lang='grc' dir='ltr'>ΒΥ.</span> <span class='ocrx_word' id='word_1_494' title='bbox 1185 2632 1245 2662; x_wconf 86' lang='grc' dir='ltr'>ΡΜ.</span> <span class='ocrx_word' id='word_1_495' title='bbox 1265 2641 1279 2661; x_wconf 90' lang='lat' dir='ltr'>e</span> <span class='ocrx_word' id='word_1_496' title='bbox 1298 2632 1365 2661; x_wconf 78' lang='lat' dir='ltr'>Reff.</span> <span class='ocrx_word' id='word_1_497' title='bbox 1384 2641 1545 2669; x_wconf 66' lang='lat' dir='ltr'>conserere,</span> <span class='ocrx_word' id='word_1_498' title='bbox 1565 2631 1633 2661; x_wconf 84' lang='lat' dir='ltr'>Reff.</span> <span class='ocrx_word' id='word_1_499' title='bbox 1647 2639 1753 2661; x_wconf 76' lang='lat' dir='ltr'>manus</span> 
     </span>
    </p>
   </div>
   <div class='ocr_carea' id='block_1_5' title="bbox 1810 0 1845 3076">
    <p class='ocr_par' dir='ltr' id='par_1_15' title="bbox 1810 0 1845 3076">
     <span class='ocr_line' id='line_1_46' title="bbox 1810 0 1845 3076; baseline 0 0"><span class='ocrx_word' id='word_1_500' title='bbox 1810 0 1845 3076; x_wconf 95' lang='lat' dir='ltr'> </span> 
     </span>
    </p>
   </div>
  </div>
 </body>
</html>
