<?xml version="1.0" encoding="UTF-8"?>
<!DOCTYPE html PUBLIC "-//W3C//DTD XHTML 1.0 Transitional//EN"
    "http://www.w3.org/TR/xhtml1/DTD/xhtml1-transitional.dtd">
<html xmlns="http://www.w3.org/1999/xhtml" xml:lang="en" lang="en">
 <head>
  <title>
</title>
<meta http-equiv="Content-Type" content="text/html;charset=utf-8" />
  <meta name='ocr-system' content='tesseract 3.04.00' />
  <meta name='ocr-capabilities' content='ocr_page ocr_carea ocr_par ocr_line ocrx_word'/>
</head>
<body>
  <div class='ocr_page' id='page_1' title='image "./epistole00verguoft_0108.png"; bbox 0 0 1845 3076; ppageno 0'>
   <div class='ocr_carea' id='block_1_1' title="bbox 260 164 1133 197">
    <p class='ocr_par' dir='ltr' id='par_1_1' title="bbox 260 164 1133 197">
     <span class='ocr_line' id='line_1_1' title="bbox 260 164 1133 197; baseline -0.002 1"><span class='ocrx_word' id='word_1_1' title='bbox 260 164 299 193; x_wconf 75' lang='lat'>40</span> <span class='ocrx_word' id='word_1_2' title='bbox 889 175 914 196; x_wconf 86' lang='lat' dir='ltr'>P.</span> <span class='ocrx_word' id='word_1_3' title='bbox 936 174 961 196; x_wconf 85' lang='lat' dir='ltr'>P.</span> <span class='ocrx_word' id='word_1_4' title='bbox 983 173 1133 197; x_wconf 68' lang='lat' dir='ltr'>venenam</span> 
     </span>
    </p>
   </div>
   <div class='ocr_carea' id='block_1_2' title="bbox 962 314 1073 346">
    <p class='ocr_par' dir='ltr' id='par_1_2' title="bbox 962 314 1073 346">
     <span class='ocr_line' id='line_1_2' title="bbox 962 314 1073 346; baseline 0.009 -1"><span class='ocrx_word' id='word_1_5' title='bbox 962 314 1073 346; x_wconf 86' lang='lat' dir='ltr'>XXIX.</span> 
     </span>
    </p>
   </div>
   <div class='ocr_carea' id='block_1_3' title="bbox 499 415 1522 449">
    <p class='ocr_par' dir='ltr' id='par_1_3' title="bbox 499 415 1522 449">
     <span class='ocr_line' id='line_1_3' title="bbox 499 415 1522 449; baseline 0.003 -3"><span class='ocrx_word' id='word_1_6' title='bbox 499 417 794 449; x_wconf 75' lang='lat' dir='ltr'>cOLLUCIO</span> <span class='ocrx_word' id='word_1_7' title='bbox 825 416 1027 448; x_wconf 85' lang='lat' dir='ltr'>PIERIO</span> <span class='ocrx_word' id='word_1_8' title='bbox 1062 416 1129 446; x_wconf 83' lang='lat' dir='ltr'>DE</span> <span class='ocrx_word' id='word_1_9' title='bbox 1163 415 1522 449; x_wconf 76' lang='lat' dir='ltr'><strong>SALUTATIS¹</strong></span> 
     </span>
    </p>
   </div>
   <div class='ocr_carea' id='block_1_4' title="bbox 360 500 1678 588">
    <p class='ocr_par' dir='ltr' id='par_1_4' title="bbox 360 500 1678 588">
     <span class='ocr_line' id='line_1_4' title="bbox 360 500 1678 540; baseline -0.002 -7"><span class='ocrx_word' id='word_1_10' title='bbox 360 504 443 540; x_wconf 70' lang='lat' dir='ltr'>(Coa.</span> <span class='ocrx_word' id='word_1_11' title='bbox 465 503 557 531; x_wconf 72' lang='grc' dir='ltr'><em>Ζὶῐανσ.</em></span> <span class='ocrx_word' id='word_1_12' title='bbox 578 512 606 530; x_wconf 65' lang='lat'>22.</span> <span class='ocrx_word' id='word_1_13' title='bbox 629 503 648 528; x_wconf 86' lang='lat'><em>7</em></span> <span class='ocrx_word' id='word_1_14' title='bbox 669 501 742 530; x_wconf 76' lang='lat' dir='ltr'>della</span> <span class='ocrx_word' id='word_1_15' title='bbox 766 500 854 529; x_wconf 89' lang='lat' dir='ltr'>XIV</span> <span class='ocrx_word' id='word_1_16' title='bbox 869 501 902 529; x_wconf 82' lang='lat' dir='ltr'>cl.</span> <span class='ocrx_word' id='word_1_17' title='bbox 926 501 942 529; x_wconf 80' lang='lat' dir='ltr'>I.</span> <span class='ocrx_word' id='word_1_18' title='bbox 956 509 987 536; x_wconf 75' lang='lat'>12-</span> <span class='ocrx_word' id='word_1_19' title='bbox 1009 501 1046 528; x_wconf 81' lang='lat'>31</span> <span class='ocrx_word' id='word_1_20' title='bbox 1069 502 1107 534; x_wconf 81' lang='grc' dir='ltr'><strong>τ’.,·</strong></span> <span class='ocrx_word' id='word_1_21' title='bbox 1121 517 1154 520; x_wconf 93' lang='grc'><strong>-</strong></span> <span class='ocrx_word' id='word_1_22' title='bbox 1174 500 1222 528; x_wconf 74' lang='lat' dir='ltr'>Tr.</span> <span class='ocrx_word' id='word_1_23' title='bbox 1246 502 1271 529; x_wconf 83' lang='lat'>5.</span> <span class='ocrx_word' id='word_1_24' title='bbox 1294 511 1322 530; x_wconf 76' lang='lat' dir='ltr'>n.</span> <span class='ocrx_word' id='word_1_25' title='bbox 1344 503 1379 529; x_wconf 83' lang='lat'>11</span> <span class='ocrx_word' id='word_1_26' title='bbox 1393 512 1402 536; x_wconf 84' lang='lat'><em>;</em></span> <span class='ocrx_word' id='word_1_27' title='bbox 1417 519 1448 522; x_wconf 97' lang='lat'><strong>—</strong></span> <span class='ocrx_word' id='word_1_28' title='bbox 1463 503 1526 531; x_wconf 87' lang='grc' dir='ltr'>ΡΡ.</span> <span class='ocrx_word' id='word_1_29' title='bbox 1550 511 1577 531; x_wconf 75' lang='lat'>72.</span> <span class='ocrx_word' id='word_1_30' title='bbox 1601 505 1678 537; x_wconf 63' lang='grc'><strong>141,-</strong></span> 
     </span>
     <span class='ocr_line' id='line_1_5' title="bbox 753 553 1282 588; baseline -0.002 -6"><span class='ocrx_word' id='word_1_31' title='bbox 753 554 786 582; x_wconf 77' lang='lat' dir='ltr'>ccl</span> <span class='ocrx_word' id='word_1_32' title='bbox 799 555 890 588; x_wconf 63' lang='lat' dir='ltr'>Mur„</span> <span class='ocrx_word' id='word_1_33' title='bbox 907 554 941 581; x_wconf 72' lang='lat' dir='ltr'>R.</span> <span class='ocrx_word' id='word_1_34' title='bbox 957 554 983 581; x_wconf 92' lang='grc' dir='ltr'>Ι.</span> <span class='ocrx_word' id='word_1_35' title='bbox 997 553 1026 582; x_wconf 82' lang='lat' dir='ltr'>S.</span> <span class='ocrx_word' id='word_1_36' title='bbox 1042 555 1058 581; x_wconf 81' lang='lat'>1¹.</span> <span class='ocrx_word' id='word_1_37' title='bbox 1073 553 1157 582; x_wconf 84' lang='lat' dir='ltr'>XVI</span> <span class='ocrx_word' id='word_1_38' title='bbox 1165 562 1187 582; x_wconf 78' lang='lat' dir='ltr'>e.</span> <span class='ocrx_word' id='word_1_39' title='bbox 1201 554 1282 588; x_wconf 70' lang='lat'><strong><em>231.)</em></strong></span> 
     </span>
    </p>
   </div>
   <div class='ocr_carea' id='block_1_5' title="bbox 245 632 1767 1882">
    <p class='ocr_par' dir='ltr' id='par_1_5' title="bbox 249 632 1767 1537">
     <span class='ocr_line' id='line_1_6' title="bbox 338 632 1764 678; baseline -0.001 -10"><span class='ocrx_word' id='word_1_40' title='bbox 338 638 401 678; x_wconf 83' lang='lat' dir='ltr'>Ego</span> <span class='ocrx_word' id='word_1_41' title='bbox 420 637 453 667; x_wconf 92' lang='lat' dir='ltr'>in</span> <span class='ocrx_word' id='word_1_42' title='bbox 475 639 640 676; x_wconf 85' lang='lat' dir='ltr'>utramque</span> <span class='ocrx_word' id='word_1_43' title='bbox 659 637 782 675; x_wconf 82' lang='lat' dir='ltr'>partem</span> <span class='ocrx_word' id='word_1_44' title='bbox 805 633 1017 664; x_wconf 88' lang='lat' dir='ltr'>testimonium</span> <span class='ocrx_word' id='word_1_45' title='bbox 1037 634 1128 663; x_wconf 87' lang='grc'><strong>11111111</strong></span> <span class='ocrx_word' id='word_1_46' title='bbox 1149 632 1335 671; x_wconf 77' lang='lat' dir='ltr'>magnifacio</span> <span class='ocrx_word' id='word_1_47' title='bbox 1352 633 1371 671; x_wconf 74' lang='lat'>⁵2,</span> <span class='ocrx_word' id='word_1_48' title='bbox 1392 634 1593 666; x_wconf 81' lang='lat' dir='ltr'>celeberrime</span> <span class='ocrx_word' id='word_1_49' title='bbox 1624 635 1678 673; x_wconf 87' lang='lat' dir='ltr'>vir,</span> <span class='ocrx_word' id='word_1_50' title='bbox 1699 636 1764 667; x_wconf 87' lang='lat' dir='ltr'>sive</span> 
     </span>
     <span class='ocr_line' id='line_1_7' title="bbox 257 689 1766 731; baseline -0.002 -4"><span class='ocrx_word' id='word_1_51' title='bbox 257 699 294 727; x_wconf 87' lang='lat' dir='ltr'>tu</span> <span class='ocrx_word' id='word_1_52' title='bbox 315 695 392 726; x_wconf 90' lang='lat' dir='ltr'>mihi</span> <span class='ocrx_word' id='word_1_53' title='bbox 413 694 522 725; x_wconf 87' lang='lat' dir='ltr'>laudes</span> <span class='ocrx_word' id='word_1_54' title='bbox 542 693 663 724; x_wconf 80' lang='lat' dir='ltr'>tribuas</span> <span class='ocrx_word' id='word_1_55' title='bbox 678 692 697 728; x_wconf 73' lang='lat'>³,</span> <span class='ocrx_word' id='word_1_56' title='bbox 728 692 791 722; x_wconf 86' lang='lat' dir='ltr'>sive</span> <span class='ocrx_word' id='word_1_57' title='bbox 812 690 938 731; x_wconf 85' lang='lat' dir='ltr'>quidem</span> <span class='ocrx_word' id='word_1_58' title='bbox 960 700 1008 720; x_wconf 89' lang='lat' dir='ltr'>me</span> <span class='ocrx_word' id='word_1_59' title='bbox 1021 690 1032 706; x_wconf 74' lang='lat'>‘¹</span> <span class='ocrx_word' id='word_1_60' title='bbox 1053 689 1264 729; x_wconf 63' lang='lat' dir='ltr'>reprehendis,</span> <span class='ocrx_word' id='word_1_61' title='bbox 1297 691 1346 720; x_wconf 88' lang='lat' dir='ltr'>cui</span> <span class='ocrx_word' id='word_1_62' title='bbox 1368 693 1399 721; x_wconf 91' lang='lat' dir='ltr'>et</span> <span class='ocrx_word' id='word_1_63' title='bbox 1420 693 1507 722; x_wconf 86' lang='lat' dir='ltr'>aetas</span> <span class='ocrx_word' id='word_1_64' title='bbox 1535 694 1567 722; x_wconf 88' lang='lat' dir='ltr'>et</span> <span class='ocrx_word' id='word_1_65' title='bbox 1589 692 1711 723; x_wconf 82' lang='lat' dir='ltr'>virtus⁵</span> <span class='ocrx_word' id='word_1_66' title='bbox 1732 696 1766 724; x_wconf 89' lang='lat' dir='ltr'>et</span> 
     </span>
     <span class='ocr_line' id='line_1_8' title="bbox 258 747 1766 791; baseline -0.002 -7"><span class='ocrx_word' id='word_1_67' title='bbox 258 753 391 785; x_wconf 86' lang='lat' dir='ltr'>officium</span> <span class='ocrx_word' id='word_1_68' title='bbox 412 761 558 791; x_wconf 78' lang='lat' dir='ltr'>magnam</span> <span class='ocrx_word' id='word_1_69' title='bbox 587 752 751 789; x_wconf 71' lang='lat' dir='ltr'>praestant</span> <span class='ocrx_word' id='word_1_70' title='bbox 766 751 776 767; x_wconf 74' lang='lat'><strong><em>⁶</em></strong></span> <span class='ocrx_word' id='word_1_71' title='bbox 808 748 1037 780; x_wconf 77' lang='lat' dir='ltr'>auctoritatem.</span> <span class='ocrx_word' id='word_1_72' title='bbox 1070 747 1181 788; x_wconf 81' lang='lat' dir='ltr'>Neque</span> <span class='ocrx_word' id='word_1_73' title='bbox 1203 749 1285 779; x_wconf 89' lang='lat' dir='ltr'>enim</span> <span class='ocrx_word' id='word_1_74' title='bbox 1305 748 1377 785; x_wconf 89' lang='lat' dir='ltr'>scio⁷</span> <span class='ocrx_word' id='word_1_75' title='bbox 1408 750 1444 779; x_wconf 88' lang='lat' dir='ltr'>ut</span> <span class='ocrx_word' id='word_1_76' title='bbox 1465 749 1609 780; x_wconf 83' lang='lat' dir='ltr'>omittam</span> <span class='ocrx_word' id='word_1_77' title='bbox 1633 752 1766 788; x_wconf 86' lang='lat' dir='ltr'>caetera,</span> 
     </span>
     <span class='ocr_line' id='line_1_9' title="bbox 258 805 1767 850; baseline -0.002 -9"><span class='ocrx_word' id='word_1_78' title='bbox 258 811 327 850; x_wconf 86' lang='lat' dir='ltr'>quis</span> <span class='ocrx_word' id='word_1_79' title='bbox 341 810 350 826; x_wconf 78' lang='lat'><strong>⁷</strong></span> <span class='ocrx_word' id='word_1_80' title='bbox 371 809 531 840; x_wconf 89' lang='lat' dir='ltr'>hominum</span> <span class='ocrx_word' id='word_1_81' title='bbox 553 807 638 838; x_wconf 80' lang='lat' dir='ltr'>vivat</span> <span class='ocrx_word' id='word_1_82' title='bbox 659 806 791 846; x_wconf 80' lang='lat' dir='ltr'>uspiam,</span> <span class='ocrx_word' id='word_1_83' title='bbox 820 805 875 845; x_wconf 89' lang='lat' dir='ltr'>qui</span> <span class='ocrx_word' id='word_1_84' title='bbox 895 806 933 836; x_wconf 86' lang='lat' dir='ltr'>de</span> <span class='ocrx_word' id='word_1_85' title='bbox 954 805 1001 835; x_wconf 88' lang='lat' dir='ltr'>his</span> <span class='ocrx_word' id='word_1_86' title='bbox 1023 805 1126 842; x_wconf 78' lang='lat' dir='ltr'>rebus,</span> <span class='ocrx_word' id='word_1_87' title='bbox 1148 805 1334 844; x_wconf 84' lang='lat' dir='ltr'>praesertim</span> <span class='ocrx_word' id='word_1_88' title='bbox 1362 815 1440 845; x_wconf 88' lang='lat' dir='ltr'>quas</span> <span class='ocrx_word' id='word_1_89' title='bbox 1461 808 1517 836; x_wconf 87' lang='lat' dir='ltr'>tua</span> <span class='ocrx_word' id='word_1_90' title='bbox 1539 805 1669 845; x_wconf 88' lang='lat' dir='ltr'>epistola</span> <span class='ocrx_word' id='word_1_91' title='bbox 1689 817 1767 838; x_wconf 87' lang='lat' dir='ltr'>com-</span> 
     </span>
     <span class='ocr_line' id='line_1_10' title="bbox 257 862 1766 908; baseline -0.002 -10"><span class='ocrx_word' id='word_1_92' title='bbox 257 868 351 908; x_wconf 77' lang='lat' dir='ltr'>plexa</span> <span class='ocrx_word' id='word_1_93' title='bbox 364 870 420 904; x_wconf 83' lang='lat' dir='ltr'>est,</span> <span class='ocrx_word' id='word_1_94' title='bbox 442 868 497 896; x_wconf 86' lang='lat' dir='ltr'>aut</span> <span class='ocrx_word' id='word_1_95' title='bbox 518 865 633 895; x_wconf 87' lang='lat' dir='ltr'>certior</span> <span class='ocrx_word' id='word_1_96' title='bbox 652 863 730 894; x_wconf 84' lang='lat' dir='ltr'>sciat</span> <span class='ocrx_word' id='word_1_97' title='bbox 745 864 756 880; x_wconf 74' lang='lat'><strong>⁸</strong></span> <span class='ocrx_word' id='word_1_98' title='bbox 773 863 926 903; x_wconf 81' lang='lat' dir='ltr'>judicare,</span> <span class='ocrx_word' id='word_1_99' title='bbox 942 864 998 893; x_wconf 85' lang='lat' dir='ltr'>aut</span> <span class='ocrx_word' id='word_1_100' title='bbox 1012 862 1137 902; x_wconf 77' lang='lat' dir='ltr'>gravior</span> <span class='ocrx_word' id='word_1_101' title='bbox 1147 862 1302 902; x_wconf 83' lang='lat' dir='ltr'>judicium</span> <span class='ocrx_word' id='word_1_102' title='bbox 1315 872 1405 893; x_wconf 87' lang='lat' dir='ltr'>suum</span> <span class='ocrx_word' id='word_1_103' title='bbox 1420 862 1552 894; x_wconf 86' lang='lat' dir='ltr'>adferre.</span> <span class='ocrx_word' id='word_1_104' title='bbox 1568 863 1647 894; x_wconf 85' lang='lat' dir='ltr'>Tum</span> <span class='ocrx_word' id='word_1_105' title='bbox 1662 864 1673 881; x_wconf 79' lang='lat'>⁹</span> <span class='ocrx_word' id='word_1_106' title='bbox 1693 875 1766 895; x_wconf 80' lang='lat' dir='ltr'>vero</span> 
     </span>
     <span class='ocr_line' id='line_1_11' title="bbox 252 919 1762 959; baseline -0.003 -3"><span class='ocrx_word' id='word_1_107' title='bbox 252 936 322 956; x_wconf 79' lang='lat' dir='ltr'>eain</span> <span class='ocrx_word' id='word_1_108' title='bbox 343 934 408 956; x_wconf 86' lang='lat' dir='ltr'>esse</span> <span class='ocrx_word' id='word_1_109' title='bbox 428 924 461 954; x_wconf 86' lang='lat' dir='ltr'>in</span> <span class='ocrx_word' id='word_1_110' title='bbox 482 933 531 953; x_wconf 87' lang='lat' dir='ltr'>me</span> <span class='ocrx_word' id='word_1_111' title='bbox 552 926 641 953; x_wconf 83' lang='lat' dir='ltr'>tuam</span> <span class='ocrx_word' id='word_1_112' title='bbox 662 920 913 952; x_wconf 71' lang='lat' dir='ltr'>benevolentiam</span> <span class='ocrx_word' id='word_1_113' title='bbox 926 922 1011 951; x_wconf 86' lang='lat' dir='ltr'>certo</span> <span class='ocrx_word' id='word_1_114' title='bbox 1027 921 1048 936; x_wconf 75' lang='lat'>¹⁰</span> <span class='ocrx_word' id='word_1_115' title='bbox 1071 922 1170 957; x_wconf 78' lang='lat' dir='ltr'>teneo⁷</span> <span class='ocrx_word' id='word_1_116' title='bbox 1182 922 1218 950; x_wconf 89' lang='lat' dir='ltr'>ut</span> <span class='ocrx_word' id='word_1_117' title='bbox 1243 929 1344 959; x_wconf 83' lang='lat' dir='ltr'>neque</span> <span class='ocrx_word' id='word_1_118' title='bbox 1366 919 1516 951; x_wconf 80' lang='lat' dir='ltr'>damnare</span> <span class='ocrx_word' id='word_1_119' title='bbox 1532 921 1762 953; x_wconf 78' lang='lat' dir='ltr'>benemeritam</span> 
     </span>
     <span class='ocr_line' id='line_1_12' title="bbox 254 973 1763 1021; baseline -0.003 -8"><span class='ocrx_word' id='word_1_120' title='bbox 254 982 339 1019; x_wconf 83' lang='lat' dir='ltr'>velis,</span> <span class='ocrx_word' id='word_1_121' title='bbox 360 991 462 1021; x_wconf 84' lang='lat' dir='ltr'>neque</span> <span class='ocrx_word' id='word_1_122' title='bbox 482 981 514 1010; x_wconf 89' lang='lat' dir='ltr'>in</span> <span class='ocrx_word' id='word_1_123' title='bbox 529 981 703 1010; x_wconf 86' lang='lat' dir='ltr'>merentem</span> <span class='ocrx_word' id='word_1_124' title='bbox 719 978 737 994; x_wconf 92' lang='lat'>¹¹</span> <span class='ocrx_word' id='word_1_125' title='bbox 760 977 906 1008; x_wconf 84' lang='lat' dir='ltr'>laudibus</span> <span class='ocrx_word' id='word_1_126' title='bbox 927 977 1014 1008; x_wconf 82' lang='lat' dir='ltr'>vanis</span> <span class='ocrx_word' id='word_1_127' title='bbox 1029 976 1150 1008; x_wconf 86' lang='lat' dir='ltr'>inflare.</span> <span class='ocrx_word' id='word_1_128' title='bbox 1172 977 1284 1016; x_wconf 87' lang='lat' dir='ltr'>Itaque</span> <span class='ocrx_word' id='word_1_129' title='bbox 1298 986 1416 1014; x_wconf 76' lang='lat' dir='ltr'>vereor,</span> <span class='ocrx_word' id='word_1_130' title='bbox 1438 987 1477 1008; x_wconf 92' lang='lat' dir='ltr'>ne</span> <span class='ocrx_word' id='word_1_131' title='bbox 1492 973 1623 1008; x_wconf 79' lang='lat' dir='ltr'>forsitan</span> <span class='ocrx_word' id='word_1_132' title='bbox 1644 978 1763 1016; x_wconf 86' lang='lat' dir='ltr'>laudes,</span> 
     </span>
     <span class='ocr_line' id='line_1_13' title="bbox 254 1033 1765 1079; baseline -0.003 -9"><span class='ocrx_word' id='word_1_133' title='bbox 254 1049 333 1079; x_wconf 82' lang='lat' dir='ltr'>quas</span> <span class='ocrx_word' id='word_1_134' title='bbox 348 1038 437 1069; x_wconf 84' lang='lat' dir='ltr'>initio</span> <span class='ocrx_word' id='word_1_135' title='bbox 452 1038 473 1053; x_wconf 54' lang='grc' dir='ltr'>Γ]</span> <span class='ocrx_word' id='word_1_136' title='bbox 495 1035 645 1076; x_wconf 84' lang='lat' dir='ltr'>epistolae</span> <span class='ocrx_word' id='word_1_137' title='bbox 667 1034 773 1066; x_wconf 87' lang='lat' dir='ltr'>libello</span> <span class='ocrx_word' id='word_1_138' title='bbox 793 1045 812 1066; x_wconf 82' lang='lat' dir='ltr'>a</span> <span class='ocrx_word' id='word_1_139' title='bbox 833 1044 881 1065; x_wconf 89' lang='lat' dir='ltr'>me</span> <span class='ocrx_word' id='word_1_140' title='bbox 903 1044 1005 1074; x_wconf 85' lang='lat' dir='ltr'>nuper</span> <span class='ocrx_word' id='word_1_141' title='bbox 1026 1033 1110 1065; x_wconf 83' lang='lat' dir='ltr'>edito</span> <span class='ocrx_word' id='word_1_142' title='bbox 1132 1033 1246 1065; x_wconf 83' lang='lat' dir='ltr'>tribuis</span> <span class='ocrx_word' id='word_1_143' title='bbox 1268 1034 1465 1073; x_wconf 82' lang='lat' dir='ltr'>arrogantius</span> <span class='ocrx_word' id='word_1_144' title='bbox 1492 1034 1604 1065; x_wconf 85' lang='lat' dir='ltr'>fuerim</span> <span class='ocrx_word' id='word_1_145' title='bbox 1620 1035 1641 1052; x_wconf 76' lang='lat'>¹³</span> <span class='ocrx_word' id='word_1_146' title='bbox 1662 1035 1765 1067; x_wconf 80' lang='lat' dir='ltr'>existi—</span> 
     </span>
     <span class='ocr_line' id='line_1_14' title="bbox 253 1091 1760 1132; baseline -0.002 -5"><span class='ocrx_word' id='word_1_147' title='bbox 253 1099 405 1132; x_wconf 66' lang='lat' dir='ltr'>matur-iffi,</span> <span class='ocrx_word' id='word_1_148' title='bbox 427 1095 486 1125; x_wconf 90' lang='lat' dir='ltr'>nisi</span> <span class='ocrx_word' id='word_1_149' title='bbox 506 1093 633 1125; x_wconf 84' lang='lat' dir='ltr'>subdita</span> <span class='ocrx_word' id='word_1_150' title='bbox 647 1093 666 1109; x_wconf 76' lang='lat'>¹⁴</span> <span class='ocrx_word' id='word_1_151' title='bbox 689 1092 831 1132; x_wconf 88' lang='lat' dir='ltr'>protinus</span> <span class='ocrx_word' id='word_1_152' title='bbox 852 1092 1015 1132; x_wconf 77' lang='lat' dir='ltr'>castigatio</span> <span class='ocrx_word' id='word_1_153' title='bbox 1029 1091 1199 1121; x_wconf 81' lang='lat' dir='ltr'>insolenter</span> <span class='ocrx_word' id='word_1_154' title='bbox 1220 1091 1257 1122; x_wconf 89' lang='lat' dir='ltr'>de</span> <span class='ocrx_word' id='word_1_155' title='bbox 1278 1101 1311 1122; x_wconf 89' lang='lat' dir='ltr'>se</span> <span class='ocrx_word' id='word_1_156' title='bbox 1325 1091 1513 1131; x_wconf 74' lang='lat' dir='ltr'>gloriantem</span> <span class='ocrx_word' id='word_1_157' title='bbox 1527 1092 1715 1123; x_wconf 78' lang='lat' dir='ltr'>refrenasset</span> <span class='ocrx_word' id='word_1_158' title='bbox 1732 1093 1760 1124; x_wconf 81' lang='lat'>¹⁵.</span> 
     </span>
     <span class='ocr_line' id='line_1_15' title="bbox 255 1148 1762 1193; baseline -0.003 -9"><span class='ocrx_word' id='word_1_159' title='bbox 255 1154 300 1184; x_wconf 81' lang='lat' dir='ltr'>Ex</span> <span class='ocrx_word' id='word_1_160' title='bbox 323 1163 384 1193; x_wconf 84' lang='lat' dir='ltr'>quo</span> <span class='ocrx_word' id='word_1_161' title='bbox 407 1152 519 1189; x_wconf 44' lang='lat' dir='ltr'>evenit5</span> <span class='ocrx_word' id='word_1_162' title='bbox 541 1154 577 1182; x_wconf 90' lang='grc'>111</span> <span class='ocrx_word' id='word_1_163' title='bbox 597 1150 815 1190; x_wconf 77' lang='lat' dir='ltr'>intelligerem,</span> <span class='ocrx_word' id='word_1_164' title='bbox 836 1159 893 1179; x_wconf 89' lang='lat' dir='ltr'>nec</span> <span class='ocrx_word' id='word_1_165' title='bbox 914 1148 1005 1179; x_wconf 77' lang='lat' dir='ltr'>facile</span> <span class='ocrx_word' id='word_1_166' title='bbox 1025 1158 1111 1188; x_wconf 87' lang='lat' dir='ltr'>posse</span> <span class='ocrx_word' id='word_1_167' title='bbox 1133 1148 1322 1188; x_wconf 78' lang='lat' dir='ltr'>quempiam,</span> <span class='ocrx_word' id='word_1_168' title='bbox 1342 1150 1378 1178; x_wconf 89' lang='lat' dir='ltr'>ut</span> <span class='ocrx_word' id='word_1_169' title='bbox 1392 1159 1536 1189; x_wconf 84' lang='lat' dir='ltr'>quaeque</span> <span class='ocrx_word' id='word_1_170' title='bbox 1557 1159 1606 1179; x_wconf 79' lang='lat' dir='ltr'>res</span> <span class='ocrx_word' id='word_1_171' title='bbox 1627 1160 1724 1189; x_wconf 85' lang='lat' dir='ltr'>parva</span> <span class='ocrx_word' id='word_1_172' title='bbox 1739 1150 1762 1167; x_wconf 75' lang='lat'>¹⁶</span> 
     </span>
     <span class='ocr_line' id='line_1_16' title="bbox 255 1205 1763 1250; baseline -0.002 -9"><span class='ocrx_word' id='word_1_173' title='bbox 255 1214 309 1249; x_wconf 76' lang='lat' dir='ltr'>est,</span> <span class='ocrx_word' id='word_1_174' title='bbox 322 1212 354 1241; x_wconf 90' lang='lat' dir='ltr'>in</span> <span class='ocrx_word' id='word_1_175' title='bbox 368 1209 496 1250; x_wconf 82' lang='lat' dir='ltr'>singulis</span> <span class='ocrx_word' id='word_1_176' title='bbox 508 1208 702 1245; x_wconf 84' lang='lat' dir='ltr'>benedicere,</span> <span class='ocrx_word' id='word_1_177' title='bbox 714 1207 776 1229; x_wconf 81' lang='lat'>¹⁷——</span> <span class='ocrx_word' id='word_1_178' title='bbox 787 1209 819 1238; x_wconf 92' lang='lat' dir='ltr'>et</span> <span class='ocrx_word' id='word_1_179' title='bbox 831 1206 926 1237; x_wconf 85' lang='lat' dir='ltr'>licere</span> <span class='ocrx_word' id='word_1_180' title='bbox 941 1206 962 1222; x_wconf 65' lang='lat'>¹⁸</span> <span class='ocrx_word' id='word_1_181' title='bbox 977 1206 1015 1236; x_wconf 88' lang='lat' dir='ltr'>iis</span> <span class='ocrx_word' id='word_1_182' title='bbox 1031 1206 1061 1242; x_wconf 69' lang='lat'>¹⁰,</span> <span class='ocrx_word' id='word_1_183' title='bbox 1076 1205 1131 1245; x_wconf 88' lang='grc'><strong>(1111</strong></span> <span class='ocrx_word' id='word_1_184' title='bbox 1147 1208 1253 1236; x_wconf 80' lang='lat' dir='ltr'>errata</span> <span class='ocrx_word' id='word_1_185' title='bbox 1265 1205 1449 1246; x_wconf 81' lang='lat' dir='ltr'>castigaturi</span> <span class='ocrx_word' id='word_1_186' title='bbox 1461 1209 1544 1243; x_wconf 89' lang='lat' dir='ltr'>sunt,</span> <span class='ocrx_word' id='word_1_187' title='bbox 1558 1206 1642 1246; x_wconf 85' lang='lat' dir='ltr'>apud</span> <span class='ocrx_word' id='word_1_188' title='bbox 1656 1217 1763 1238; x_wconf 83' lang='lat' dir='ltr'>eorum</span> 
     </span>
     <span class='ocr_line' id='line_1_17' title="bbox 253 1261 1763 1307; baseline -0.003 -8"><span class='ocrx_word' id='word_1_189' title='bbox 253 1271 405 1305; x_wconf 72' lang='lat' dir='ltr'>auctores,</span> <span class='ocrx_word' id='word_1_190' title='bbox 425 1265 676 1307; x_wconf 85' lang='lat' dir='ltr'>magnificentius</span> <span class='ocrx_word' id='word_1_191' title='bbox 697 1274 793 1305; x_wconf 87' lang='lat' dir='ltr'>quam</span> <span class='ocrx_word' id='word_1_192' title='bbox 815 1263 920 1303; x_wconf 76' lang='lat' dir='ltr'>exigat</span> <span class='ocrx_word' id='word_1_193' title='bbox 939 1263 1097 1299; x_wconf 79' lang='lat' dir='ltr'>meritum,</span> <span class='ocrx_word' id='word_1_194' title='bbox 1118 1262 1284 1294; x_wconf 85' lang='lat' dir='ltr'>benedicta</span> <span class='ocrx_word' id='word_1_195' title='bbox 1298 1261 1419 1300; x_wconf 84' lang='lat' dir='ltr'>efferre,</span> <span class='ocrx_word' id='word_1_196' title='bbox 1439 1273 1501 1294; x_wconf 89' lang='lat' dir='ltr'>non</span> <span class='ocrx_word' id='word_1_197' title='bbox 1516 1263 1647 1294; x_wconf 79' lang='lat' dir='ltr'>fallendi</span> <span class='ocrx_word' id='word_1_198' title='bbox 1668 1264 1763 1296; x_wconf 86' lang='lat' dir='ltr'>homi-</span> 
     </span>
     <span class='ocr_line' id='line_1_18' title="bbox 251 1320 1764 1366; baseline -0.003 -9"><span class='ocrx_word' id='word_1_199' title='bbox 251 1327 300 1357; x_wconf 84' lang='lat' dir='ltr'>nis</span> <span class='ocrx_word' id='word_1_200' title='bbox 321 1326 432 1366; x_wconf 75' lang='lat' dir='ltr'>gratia,</span> <span class='ocrx_word' id='word_1_201' title='bbox 455 1324 509 1355; x_wconf 90' lang='lat' dir='ltr'>sed</span> <span class='ocrx_word' id='word_1_202' title='bbox 530 1333 590 1363; x_wconf 91' lang='lat' dir='ltr'>quo</span> <span class='ocrx_word' id='word_1_203' title='bbox 611 1322 776 1362; x_wconf 61' lang='grc' dir='ltr'>ἱ10(1111115’·’0</span> <span class='ocrx_word' id='word_1_204' title='bbox 797 1321 838 1352; x_wconf 86' lang='lat' dir='ltr'>ab</span> <span class='ocrx_word' id='word_1_205' title='bbox 858 1321 907 1352; x_wconf 87' lang='lat' dir='ltr'>his</span> <span class='ocrx_word' id='word_1_206' title='bbox 929 1321 1080 1352; x_wconf 88' lang='lat' dir='ltr'>correctio</span> <span class='ocrx_word' id='word_1_207' title='bbox 1099 1321 1295 1360; x_wconf 80' lang='lat' dir='ltr'>suscipiatur.</span> <span class='ocrx_word' id='word_1_208' title='bbox 1318 1320 1406 1351; x_wconf 86' lang='lat' dir='ltr'>Haec</span> <span class='ocrx_word' id='word_1_209' title='bbox 1427 1331 1524 1361; x_wconf 85' lang='lat' dir='ltr'>quum</span> <span class='ocrx_word' id='word_1_210' title='bbox 1544 1321 1589 1352; x_wconf 87' lang='lat' dir='ltr'>ita</span> <span class='ocrx_word' id='word_1_211' title='bbox 1609 1321 1680 1358; x_wconf 86' lang='lat' dir='ltr'>sint,</span> <span class='ocrx_word' id='word_1_212' title='bbox 1701 1333 1764 1354; x_wconf 84' lang='lat' dir='ltr'>ma-</span> 
     </span>
     <span class='ocr_line' id='line_1_19' title="bbox 251 1377 1761 1424; baseline -0.003 -10"><span class='ocrx_word' id='word_1_213' title='bbox 251 1394 313 1424; x_wconf 79' lang='lat' dir='ltr'>gna</span> <span class='ocrx_word' id='word_1_214' title='bbox 332 1386 439 1414; x_wconf 83' lang='lat' dir='ltr'>tamen</span> <span class='ocrx_word' id='word_1_215' title='bbox 460 1384 507 1413; x_wconf 89' lang='lat' dir='ltr'>est</span> <span class='ocrx_word' id='word_1_216' title='bbox 527 1381 605 1412; x_wconf 88' lang='lat' dir='ltr'>mihi</span> <span class='ocrx_word' id='word_1_217' title='bbox 626 1390 696 1420; x_wconf 84' lang='lat' dir='ltr'>spes</span> <span class='ocrx_word' id='word_1_218' title='bbox 710 1380 730 1396; x_wconf 71' lang='lat'>²¹</span> <span class='ocrx_word' id='word_1_219' title='bbox 753 1379 786 1410; x_wconf 88' lang='lat' dir='ltr'>in</span> <span class='ocrx_word' id='word_1_220' title='bbox 807 1382 968 1419; x_wconf 85' lang='lat' dir='ltr'>posterum</span> <span class='ocrx_word' id='word_1_221' title='bbox 988 1380 1074 1415; x_wconf 86' lang='lat' dir='ltr'>nota,</span> <span class='ocrx_word' id='word_1_222' title='bbox 1096 1377 1221 1418; x_wconf 85' lang='lat' dir='ltr'>quando</span> <span class='ocrx_word' id='word_1_223' title='bbox 1234 1378 1257 1395; x_wconf 71' lang='lat'>²⁴²</span> <span class='ocrx_word' id='word_1_224' title='bbox 1277 1378 1340 1409; x_wconf 86' lang='lat' dir='ltr'>duo</span> <span class='ocrx_word' id='word_1_225' title='bbox 1361 1380 1486 1408; x_wconf 80' lang='lat' dir='ltr'>tantum</span> <span class='ocrx_word' id='word_1_226' title='bbox 1507 1378 1546 1410; x_wconf 89' lang='lat' dir='ltr'>de</span> <span class='ocrx_word' id='word_1_227' title='bbox 1567 1378 1684 1415; x_wconf 78' lang='lat' dir='ltr'>libello,</span> <span class='ocrx_word' id='word_1_228' title='bbox 1705 1380 1761 1419; x_wconf 89' lang='lat' dir='ltr'>qui</span> 
     </span>
     <span class='ocr_line' id='line_1_20' title="bbox 249 1434 1760 1482; baseline -0.003 -10"><span class='ocrx_word' id='word_1_229' title='bbox 249 1442 368 1482; x_wconf 86' lang='lat' dir='ltr'>primus</span> <span class='ocrx_word' id='word_1_230' title='bbox 399 1442 446 1471; x_wconf 77' lang='lat' dir='ltr'>est</span> <span class='ocrx_word' id='word_1_231' title='bbox 459 1440 482 1456; x_wconf 68' lang='lat'>²³</span> <span class='ocrx_word' id='word_1_232' title='bbox 514 1449 533 1470; x_wconf 89' lang='lat' dir='ltr'>a</span> <span class='ocrx_word' id='word_1_233' title='bbox 553 1448 603 1469; x_wconf 91' lang='lat' dir='ltr'>me</span> <span class='ocrx_word' id='word_1_234' title='bbox 624 1438 737 1474; x_wconf 86' lang='lat' dir='ltr'>editus,</span> <span class='ocrx_word' id='word_1_235' title='bbox 769 1435 966 1467; x_wconf 80' lang='lat' dir='ltr'>emendanda</span> <span class='ocrx_word' id='word_1_236' title='bbox 982 1435 1139 1476; x_wconf 82' lang='lat' dir='ltr'>judicasti.</span> <span class='ocrx_word' id='word_1_237' title='bbox 1162 1434 1239 1466; x_wconf 79' lang='lat' dir='ltr'>Tam</span> <span class='ocrx_word' id='word_1_238' title='bbox 1260 1445 1362 1475; x_wconf 82' lang='lat' dir='ltr'>pauca</span> <span class='ocrx_word' id='word_1_239' title='bbox 1382 1435 1504 1466; x_wconf 88' lang='lat' dir='ltr'>utinam</span> <span class='ocrx_word' id='word_1_240' title='bbox 1525 1436 1597 1473; x_wconf 81' lang='lat' dir='ltr'>sint,</span> <span class='ocrx_word' id='word_1_241' title='bbox 1619 1446 1700 1476; x_wconf 86' lang='lat' dir='ltr'>quae</span> <span class='ocrx_word' id='word_1_242' title='bbox 1721 1437 1760 1468; x_wconf 90' lang='lat' dir='ltr'>de</span> 
     </span>
     <span class='ocr_line' id='line_1_21' title="bbox 250 1492 1715 1537; baseline -0.003 -7"><span class='ocrx_word' id='word_1_243' title='bbox 250 1499 316 1530; x_wconf 81' lang='lat' dir='ltr'>vita</span> <span class='ocrx_word' id='word_1_244' title='bbox 329 1497 442 1537; x_wconf 84' lang='lat' dir='ltr'>corrigi</span> <span class='ocrx_word' id='word_1_245' title='bbox 456 1495 651 1527; x_wconf 79' lang='lat' dir='ltr'>debeantur!</span> <span class='ocrx_word' id='word_1_246' title='bbox 667 1495 689 1511; x_wconf 71' lang='lat'>²²¹</span> <span class='ocrx_word' id='word_1_247' title='bbox 712 1493 795 1525; x_wconf 84' lang='lat' dir='ltr'>Nam</span> <span class='ocrx_word' id='word_1_248' title='bbox 810 1493 849 1524; x_wconf 88' lang='lat' dir='ltr'>de</span> <span class='ocrx_word' id='word_1_249' title='bbox 864 1492 1068 1532; x_wconf 82' lang='lat' dir='ltr'>ortographia</span> <span class='ocrx_word' id='word_1_250' title='bbox 1089 1492 1215 1532; x_wconf 83' lang='lat' dir='ltr'>quidem</span> <span class='ocrx_word' id='word_1_251' title='bbox 1229 1492 1331 1523; x_wconf 87' lang='lat' dir='ltr'>dicam</span> <span class='ocrx_word' id='word_1_252' title='bbox 1345 1495 1501 1532; x_wconf 86' lang='lat' dir='ltr'>postremo</span> <span class='ocrx_word' id='word_1_253' title='bbox 1522 1493 1599 1533; x_wconf 86' lang='lat' dir='ltr'>quid</span> <span class='ocrx_word' id='word_1_254' title='bbox 1614 1494 1715 1525; x_wconf 85' lang='lat' dir='ltr'>sentio</span> 
     </span>
    </p>

    <p class='ocr_par' dir='ltr' id='par_1_6' title="bbox 245 1549 1762 1882">
     <span class='ocr_line' id='line_1_22' title="bbox 309 1549 1755 1594; baseline -0.003 -7"><span class='ocrx_word' id='word_1_255' title='bbox 309 1555 398 1594; x_wconf 82' lang='lat' dir='ltr'>Quod</span> <span class='ocrx_word' id='word_1_256' title='bbox 413 1557 519 1586; x_wconf 83' lang='lat' dir='ltr'>autem</span> <span class='ocrx_word' id='word_1_257' title='bbox 539 1554 572 1584; x_wconf 91' lang='lat' dir='ltr'>in</span> <span class='ocrx_word' id='word_1_258' title='bbox 587 1552 696 1593; x_wconf 82' lang='lat' dir='ltr'>primis</span> <span class='ocrx_word' id='word_1_259' title='bbox 708 1552 783 1582; x_wconf 87' lang='lat' dir='ltr'>vitio</span> <span class='ocrx_word' id='word_1_260' title='bbox 797 1552 820 1568; x_wconf 75' lang='lat'>‘²⁶</span> <span class='ocrx_word' id='word_1_261' title='bbox 834 1550 910 1582; x_wconf 84' lang='lat' dir='ltr'>mihi</span> <span class='ocrx_word' id='word_1_262' title='bbox 925 1550 1046 1587; x_wconf 83' lang='lat' dir='ltr'>tribuis,</span> <span class='ocrx_word' id='word_1_263' title='bbox 1061 1550 1137 1580; x_wconf 78' lang='lat' dir='ltr'>scito</span> <span class='ocrx_word' id='word_1_264' title='bbox 1151 1559 1212 1580; x_wconf 91' lang='lat' dir='ltr'>non</span> <span class='ocrx_word' id='word_1_265' title='bbox 1227 1559 1283 1589; x_wconf 85' lang='lat' dir='ltr'>per</span> <span class='ocrx_word' id='word_1_266' title='bbox 1296 1549 1542 1589; x_wconf 81' lang='lat' dir='ltr'>imprudentiam</span> <span class='ocrx_word' id='word_1_267' title='bbox 1556 1550 1587 1590; x_wconf 71' lang='lat'>²⁷,</span> <span class='ocrx_word' id='word_1_268' title='bbox 1601 1551 1656 1581; x_wconf 85' lang='lat' dir='ltr'>sed</span> <span class='ocrx_word' id='word_1_269' title='bbox 1669 1554 1755 1583; x_wconf 87' lang='lat' dir='ltr'>certo</span> 
     </span>
     <span class='ocr_line' id='line_1_23' title="bbox 245 1607 1762 1655; baseline -0.004 -10"><span class='ocrx_word' id='word_1_270' title='bbox 245 1613 363 1655; x_wconf 82' lang='lat' dir='ltr'>judicio</span> <span class='ocrx_word' id='word_1_271' title='bbox 382 1622 447 1643; x_wconf 85' lang='lat' dir='ltr'>esse</span> <span class='ocrx_word' id='word_1_272' title='bbox 468 1623 487 1643; x_wconf 86' lang='lat' dir='ltr'>a</span> <span class='ocrx_word' id='word_1_273' title='bbox 507 1621 557 1641; x_wconf 91' lang='lat' dir='ltr'>me</span> <span class='ocrx_word' id='word_1_274' title='bbox 578 1610 722 1650; x_wconf 89' lang='lat' dir='ltr'>positum.</span> <span class='ocrx_word' id='word_1_275' title='bbox 746 1608 903 1640; x_wconf 81' lang='lat' dir='ltr'>Noveram</span> <span class='ocrx_word' id='word_1_276' title='bbox 917 1608 1010 1644; x_wconf 80' lang='lat' dir='ltr'>enim,</span> <span class='ocrx_word' id='word_1_277' title='bbox 1033 1609 1142 1638; x_wconf 80' lang='lat' dir='ltr'>extare</span> <span class='ocrx_word' id='word_1_278' title='bbox 1158 1607 1251 1638; x_wconf 85' lang='lat' dir='ltr'>aliter</span> <span class='ocrx_word' id='word_1_279' title='bbox 1264 1607 1286 1624; x_wconf 64' lang='lat' dir='ltr'>es</span> <span class='ocrx_word' id='word_1_280' title='bbox 1307 1607 1425 1638; x_wconf 88' lang='lat' dir='ltr'>dictum</span> <span class='ocrx_word' id='word_1_281' title='bbox 1440 1607 1656 1639; x_wconf 80' lang='lat' dir='ltr'>Themistoclis</span> <span class='ocrx_word' id='word_1_282' title='bbox 1677 1608 1762 1648; x_wconf 87' lang='lat' dir='ltr'>apud</span> 
     </span>
     <span class='ocr_line' id='line_1_24' title="bbox 250 1664 1759 1709; baseline -0.003 -7"><span class='ocrx_word' id='word_1_283' title='bbox 250 1672 424 1708; x_wconf 78' lang='lat' dir='ltr'>Platonem,</span> <span class='ocrx_word' id='word_1_284' title='bbox 446 1679 540 1709; x_wconf 84' lang='lat' dir='ltr'>quam</span> <span class='ocrx_word' id='word_1_285' title='bbox 553 1668 576 1685; x_wconf 66' lang='lat'>‘²⁰</span> <span class='ocrx_word' id='word_1_286' title='bbox 595 1677 691 1708; x_wconf 87' lang='lat' dir='ltr'>penes</span> <span class='ocrx_word' id='word_1_287' title='bbox 714 1666 894 1698; x_wconf 82' lang='lat' dir='ltr'>Ciceronem</span> <span class='ocrx_word' id='word_1_288' title='bbox 906 1665 1074 1705; x_wconf 82' lang='lat' dir='ltr'>legeretur.</span> <span class='ocrx_word' id='word_1_289' title='bbox 1095 1664 1190 1705; x_wconf 84' lang='lat' dir='ltr'>Cujus</span> <span class='ocrx_word' id='word_1_290' title='bbox 1211 1664 1257 1695; x_wconf 87' lang='lat' dir='ltr'>rei</span> <span class='ocrx_word' id='word_1_291' title='bbox 1272 1674 1397 1704; x_wconf 85' lang='lat' dir='ltr'>possum</span> <span class='ocrx_word' id='word_1_292' title='bbox 1418 1666 1532 1696; x_wconf 89' lang='lat' dir='ltr'>testem</span> <span class='ocrx_word' id='word_1_293' title='bbox 1552 1665 1614 1696; x_wconf 85' lang='lat' dir='ltr'>fide</span> <span class='ocrx_word' id='word_1_294' title='bbox 1629 1666 1759 1706; x_wconf 86' lang='lat' dir='ltr'>dignum</span> 
     </span>
     <span class='ocr_line' id='line_1_25' title="bbox 248 1721 1760 1765; baseline -0.005 -5"><span class='ocrx_word' id='word_1_295' title='bbox 248 1729 382 1765; x_wconf 70' lang='lat' dir='ltr'>adferre,</span> <span class='ocrx_word' id='word_1_296' title='bbox 404 1727 559 1758; x_wconf 84' lang='lat' dir='ltr'>illustrem</span> <span class='ocrx_word' id='word_1_297' title='bbox 574 1725 676 1756; x_wconf 84' lang='lat' dir='ltr'>virum</span> <span class='ocrx_word' id='word_1_298' title='bbox 692 1724 714 1741; x_wconf 73' lang='lat'>³⁰</span> <span class='ocrx_word' id='word_1_299' title='bbox 735 1723 880 1755; x_wconf 82' lang='lat' dir='ltr'>Carolum</span> <span class='ocrx_word' id='word_1_300' title='bbox 896 1723 976 1753; x_wconf 84' lang='lat' dir='ltr'>Zeno</span> <span class='ocrx_word' id='word_1_301' title='bbox 991 1722 1030 1752; x_wconf 86' lang='lat' dir='ltr'>de</span> <span class='ocrx_word' id='word_1_302' title='bbox 1046 1721 1195 1758; x_wconf 77' lang='lat' dir='ltr'>Venetiis,</span> <span class='ocrx_word' id='word_1_303' title='bbox 1217 1721 1302 1761; x_wconf 84' lang='lat' dir='ltr'>apud</span> <span class='ocrx_word' id='word_1_304' title='bbox 1317 1731 1421 1761; x_wconf 80' lang='lat' dir='ltr'>quem,</span> <span class='ocrx_word' id='word_1_305' title='bbox 1440 1722 1507 1762; x_wconf 79' lang='lat' dir='ltr'>jani</span> <span class='ocrx_word' id='word_1_306' title='bbox 1522 1732 1618 1762; x_wconf 87' lang='lat' dir='ltr'>prope</span> <span class='ocrx_word' id='word_1_307' title='bbox 1633 1723 1654 1740; x_wconf 76' lang='lat'>³¹</span> <span class='ocrx_word' id='word_1_308' title='bbox 1676 1723 1760 1754; x_wconf 86' lang='lat' dir='ltr'>bien-</span> 
     </span>
     <span class='ocr_line' id='line_1_26' title="bbox 246 1779 1757 1826; baseline -0.005 -8"><span class='ocrx_word' id='word_1_309' title='bbox 246 1788 298 1818; x_wconf 88' lang='lat' dir='ltr'>nio</span> <span class='ocrx_word' id='word_1_310' title='bbox 319 1786 433 1826; x_wconf 85' lang='lat' dir='ltr'>elapso,</span> <span class='ocrx_word' id='word_1_311' title='bbox 454 1785 536 1815; x_wconf 87' lang='lat' dir='ltr'>hanc</span> <span class='ocrx_word' id='word_1_312' title='bbox 557 1782 780 1814; x_wconf 82' lang='lat' dir='ltr'>dissonantiam</span> <span class='ocrx_word' id='word_1_313' title='bbox 801 1780 921 1820; x_wconf 81' lang='lat' dir='ltr'>aperui,</span> <span class='ocrx_word' id='word_1_314' title='bbox 941 1790 1011 1810; x_wconf 87' lang='lat' dir='ltr'>cum</span> <span class='ocrx_word' id='word_1_315' title='bbox 1032 1779 1086 1810; x_wconf 92' lang='lat' dir='ltr'>ille</span> <span class='ocrx_word' id='word_1_316' title='bbox 1105 1779 1247 1818; x_wconf 88' lang='lat' dir='ltr'>politiam</span> <span class='ocrx_word' id='word_1_317' title='bbox 1262 1779 1401 1810; x_wconf 79' lang='lat' dir='ltr'>Platonis</span> <span class='ocrx_word' id='word_1_318' title='bbox 1422 1779 1454 1809; x_wconf 89' lang='lat' dir='ltr'>in</span> <span class='ocrx_word' id='word_1_319' title='bbox 1469 1779 1604 1810; x_wconf 80' lang='lat' dir='ltr'>latinum</span> <span class='ocrx_word' id='word_1_320' title='bbox 1624 1780 1757 1811; x_wconf 84' lang='lat' dir='ltr'>transla-</span> 
     </span>
     <span class='ocr_line' id='line_1_27' title="bbox 246 1836 1762 1882; baseline -0.006 -5"><span class='ocrx_word' id='word_1_321' title='bbox 246 1848 311 1877; x_wconf 84' lang='lat' dir='ltr'>tam</span> <span class='ocrx_word' id='word_1_322' title='bbox 332 1844 473 1880; x_wconf 83' lang='lat' dir='ltr'>haberet,</span> <span class='ocrx_word' id='word_1_323' title='bbox 504 1853 560 1882; x_wconf 85' lang='lat' dir='ltr'>ego</span> <span class='ocrx_word' id='word_1_324' title='bbox 581 1851 654 1872; x_wconf 87' lang='lat' dir='ltr'>vero</span> <span class='ocrx_word' id='word_1_325' title='bbox 685 1840 718 1871; x_wconf 91' lang='lat' dir='ltr'>id</span> <span class='ocrx_word' id='word_1_326' title='bbox 741 1839 837 1870; x_wconf 82' lang='lat' dir='ltr'>etiam</span> <span class='ocrx_word' id='word_1_327' title='bbox 858 1840 952 1869; x_wconf 87' lang='lat' dir='ltr'>antea</span> <span class='ocrx_word' id='word_1_328' title='bbox 973 1838 1006 1868; x_wconf 89' lang='lat' dir='ltr'>in</span> <span class='ocrx_word' id='word_1_329' title='bbox 1027 1846 1117 1877; x_wconf 84' lang='lat' dir='ltr'>greco</span> <span class='ocrx_word' id='word_1_330' title='bbox 1131 1837 1155 1854; x_wconf 68' lang='lat'>³²</span> <span class='ocrx_word' id='word_1_331' title='bbox 1185 1836 1471 1876; x_wconf 76' lang='lat' dir='ltr'>deprehendissem.</span> <span class='ocrx_word' id='word_1_332' title='bbox 1499 1837 1641 1870; x_wconf 87' lang='lat' dir='ltr'>Prudens</span> <span class='ocrx_word' id='word_1_333' title='bbox 1662 1837 1762 1878; x_wconf 83' lang='lat' dir='ltr'>igitur</span> 
     </span>
    </p>
   </div>
   <div class='ocr_carea' id='block_1_6' title="bbox 256 1947 1400 1989">
    <p class='ocr_par' dir='ltr' id='par_1_7' title="bbox 256 1947 1400 1989">
     <span class='ocr_line' id='line_1_28' title="bbox 256 1947 1400 1989; baseline -0.006 -6"><span class='ocrx_word' id='word_1_334' title='bbox 256 1958 264 1975; x_wconf 90' lang='lat'>¹</span> <span class='ocrx_word' id='word_1_335' title='bbox 286 1956 354 1984; x_wconf 81' lang='lat' dir='ltr'>Mar.</span> <span class='ocrx_word' id='word_1_336' title='bbox 374 1953 560 1989; x_wconf 74' lang='lat' dir='ltr'>«Responsio</span> <span class='ocrx_word' id='word_1_337' title='bbox 573 1952 612 1980; x_wconf 72' lang='lat' dir='ltr'>cccl</span> <span class='ocrx_word' id='word_1_338' title='bbox 629 1950 779 1987; x_wconf 64' lang='lat' dir='ltr'>effislolam</span> <span class='ocrx_word' id='word_1_339' title='bbox 801 1949 909 1979; x_wconf 65' lang='lat' dir='ltr'>Colum</span> <span class='ocrx_word' id='word_1_340' title='bbox 925 1956 983 1984; x_wconf 73' lang='lat' dir='ltr'>pro</span> <span class='ocrx_word' id='word_1_341' title='bbox 1020 1948 1042 1966; x_wconf 76' lang='lat'>¹7</span> <span class='ocrx_word' id='word_1_342' title='bbox 1060 1948 1114 1975; x_wconf 87' lang='grc' dir='ltr'>ΡΡ.</span> <span class='ocrx_word' id='word_1_343' title='bbox 1135 1947 1218 1975; x_wconf 84' lang='lat' dir='ltr'>Marc.</span> <span class='ocrx_word' id='word_1_344' title='bbox 1239 1947 1400 1976; x_wconf 72' lang='lat' dir='ltr'>benedicere</span> 
     </span>
    </p>
   </div>
   <div class='ocr_carea' id='block_1_7' title="bbox 237 1992 1522 2658">
    <p class='ocr_par' dir='ltr' id='par_1_8' title="bbox 237 1992 1522 2658">
     <span class='ocr_line' id='line_1_29' title="bbox 278 1992 1275 2034; baseline -0.01 -5"><span class='ocrx_word' id='word_1_345' title='bbox 278 2000 441 2034; x_wconf 73' lang='lat' dir='ltr'>defensione</span> <span class='ocrx_word' id='word_1_346' title='bbox 454 1999 521 2027; x_wconf 58' lang='lat' dir='ltr'>libri</span> <span class='ocrx_word' id='word_1_347' title='bbox 533 1997 588 2025; x_wconf 55' lang='lat' dir='ltr'>sat.</span> <span class='ocrx_word' id='word_1_348' title='bbox 608 2007 622 2023; x_wconf 78' lang='lat'>»</span> <span class='ocrx_word' id='word_1_349' title='bbox 1019 1994 1040 2011; x_wconf 73' lang='lat'>¹⁸</span> <span class='ocrx_word' id='word_1_350' title='bbox 1060 1992 1114 2020; x_wconf 87' lang='grc' dir='ltr'>ΡΡ.</span> <span class='ocrx_word' id='word_1_351' title='bbox 1134 1992 1175 2019; x_wconf 76' lang='lat' dir='ltr'>Et</span> <span class='ocrx_word' id='word_1_352' title='bbox 1193 1993 1275 2020; x_wconf 76' lang='lat' dir='ltr'>licere</span> 
     </span>
     <span class='ocr_line' id='line_1_30' title="bbox 253 2037 1271 2078; baseline -0.01 -5"><span class='ocrx_word' id='word_1_353' title='bbox 253 2047 264 2064; x_wconf 80' lang='lat'>⁰-</span> <span class='ocrx_word' id='word_1_354' title='bbox 284 2046 339 2073; x_wconf 57' lang='lat' dir='ltr'>Pl).</span> <span class='ocrx_word' id='word_1_355' title='bbox 359 2045 430 2072; x_wconf 84' lang='lat' dir='ltr'>Mur.</span> <span class='ocrx_word' id='word_1_356' title='bbox 450 2042 607 2078; x_wconf 66' lang='lat' dir='ltr'>maynifico</span> <span class='ocrx_word' id='word_1_357' title='bbox 1021 2038 1042 2055; x_wconf 71' lang='lat'>¹⁹</span> <span class='ocrx_word' id='word_1_358' title='bbox 1060 2037 1116 2065; x_wconf 78' lang='grc' dir='ltr'>ΡΡ.</span> <span class='ocrx_word' id='word_1_359' title='bbox 1135 2037 1206 2064; x_wconf 86' lang='lat' dir='ltr'>Mur.</span> <span class='ocrx_word' id='word_1_360' title='bbox 1225 2037 1271 2064; x_wconf 74' lang='lat' dir='ltr'>leis</span> 
     </span>
     <span class='ocr_line' id='line_1_31' title="bbox 253 2081 1522 2118; baseline -0.006 0"><span class='ocrx_word' id='word_1_361' title='bbox 253 2093 264 2109; x_wconf 77' lang='lat'>³</span> <span class='ocrx_word' id='word_1_362' title='bbox 284 2090 336 2118; x_wconf 71' lang='lat' dir='ltr'>Nei</span> <span class='ocrx_word' id='word_1_363' title='bbox 359 2087 445 2117; x_wconf 85' lang='lat' dir='ltr'>codici</span> <span class='ocrx_word' id='word_1_364' title='bbox 466 2096 479 2115; x_wconf 88' lang='lat' dir='ltr'>e</span> <span class='ocrx_word' id='word_1_365' title='bbox 499 2087 527 2114; x_wconf 91' lang='lat' dir='ltr'>in</span> <span class='ocrx_word' id='word_1_366' title='bbox 548 2087 619 2114; x_wconf 84' lang='lat' dir='ltr'>Mur.</span> <span class='ocrx_word' id='word_1_367' title='bbox 643 2084 746 2113; x_wconf 77' lang='lat' dir='ltr'>tribuis</span> <span class='ocrx_word' id='word_1_368' title='bbox 1012 2082 1034 2100; x_wconf 77' lang='lat'>‘³0</span> <span class='ocrx_word' id='word_1_369' title='bbox 1054 2081 1107 2109; x_wconf 86' lang='grc' dir='ltr'>ΡΡ.</span> <span class='ocrx_word' id='word_1_370' title='bbox 1127 2081 1198 2109; x_wconf 79' lang='lat' dir='ltr'>Mur.</span> <span class='ocrx_word' id='word_1_371' title='bbox 1217 2081 1314 2116; x_wconf 69' lang='lat' dir='ltr'>aptius</span> <span class='ocrx_word' id='word_1_372' title='bbox 1332 2089 1381 2116; x_wconf 84' lang='lat' dir='ltr'>per</span> <span class='ocrx_word' id='word_1_373' title='bbox 1400 2082 1522 2117; x_wconf 70' lang='lat' dir='ltr'>aequius</span> 
     </span>
     <span class='ocr_line' id='line_1_32' title="bbox 252 2125 1313 2168; baseline -0.009 -5"><span class='ocrx_word' id='word_1_374' title='bbox 252 2136 262 2153; x_wconf 76' lang='lat'>4</span> <span class='ocrx_word' id='word_1_375' title='bbox 283 2135 337 2162; x_wconf 86' lang='grc' dir='ltr'>ΡΡ.</span> <span class='ocrx_word' id='word_1_376' title='bbox 358 2133 428 2161; x_wconf 87' lang='lat' dir='ltr'>Mur.</span> <span class='ocrx_word' id='word_1_377' title='bbox 448 2131 569 2168; x_wconf 73' lang='lat' dir='ltr'>quodde</span> <span class='ocrx_word' id='word_1_378' title='bbox 589 2138 655 2163; x_wconf 80' lang='lat' dir='ltr'>me,·</span> <span class='ocrx_word' id='word_1_379' title='bbox 676 2129 759 2157; x_wconf 80' lang='lat' dir='ltr'>Marc.</span> <span class='ocrx_word' id='word_1_380' title='bbox 782 2127 901 2163; x_wconf 75' lang='lat' dir='ltr'>quidde</span> <span class='ocrx_word' id='word_1_381' title='bbox 919 2136 964 2156; x_wconf 78' lang='lat' dir='ltr'>me</span> <span class='ocrx_word' id='word_1_382' title='bbox 1016 2126 1037 2144; x_wconf 60' lang='grc' dir='ltr'>Ἡ</span> <span class='ocrx_word' id='word_1_383' title='bbox 1058 2125 1112 2153; x_wconf 89' lang='grc' dir='ltr'>ΡΡ.</span> <span class='ocrx_word' id='word_1_384' title='bbox 1133 2126 1232 2153; x_wconf 80' lang='grc'><strong>01110110</strong></span> <span class='ocrx_word' id='word_1_385' title='bbox 1250 2133 1313 2160; x_wconf 71' lang='lat' dir='ltr'>spes</span> 
     </span>
     <span class='ocr_line' id='line_1_33' title="bbox 251 2169 1354 2208; baseline -0.009 0"><span class='ocrx_word' id='word_1_386' title='bbox 251 2181 261 2198; x_wconf 69' lang='lat'>1&#39;*</span> <span class='ocrx_word' id='word_1_387' title='bbox 282 2180 351 2208; x_wconf 83' lang='lat' dir='ltr'>Mur.</span> <span class='ocrx_word' id='word_1_388' title='bbox 374 2178 465 2206; x_wconf 72' lang='lat' dir='ltr'>victus</span> <span class='ocrx_word' id='word_1_389' title='bbox 1018 2171 1040 2188; x_wconf 57' lang='grc' dir='ltr'><strong><em>Ὦ</em></strong></span> <span class='ocrx_word' id='word_1_390' title='bbox 1059 2169 1113 2197; x_wconf 88' lang='grc' dir='ltr'>ΡΡ.</span> <span class='ocrx_word' id='word_1_391' title='bbox 1127 2170 1198 2198; x_wconf 79' lang='lat' dir='ltr'>Mur.</span> <span class='ocrx_word' id='word_1_392' title='bbox 1216 2171 1354 2205; x_wconf 73' lang='lat' dir='ltr'>quoniam</span> 
     </span>
     <span class='ocr_line' id='line_1_34' title="bbox 249 2214 1298 2257; baseline -0.011 -4"><span class='ocrx_word' id='word_1_393' title='bbox 249 2227 259 2243; x_wconf 64' lang='grc' dir='ltr'>θ</span> <span class='ocrx_word' id='word_1_394' title='bbox 279 2225 333 2252; x_wconf 86' lang='grc' dir='ltr'>ΡΡ.</span> <span class='ocrx_word' id='word_1_395' title='bbox 352 2223 422 2251; x_wconf 82' lang='grc' dir='ltr'><strong>Μ111.</strong></span> <span class='ocrx_word' id='word_1_396' title='bbox 438 2222 572 2257; x_wconf 70' lang='lat' dir='ltr'>praestat</span> <span class='ocrx_word' id='word_1_397' title='bbox 1015 2215 1037 2232; x_wconf 73' lang='lat'>¹23</span> <span class='ocrx_word' id='word_1_398' title='bbox 1054 2214 1137 2242; x_wconf 84' lang='lat' dir='ltr'>Marc.</span> <span class='ocrx_word' id='word_1_399' title='bbox 1157 2223 1238 2242; x_wconf 77' lang='lat' dir='ltr'>senza</span> <span class='ocrx_word' id='word_1_400' title='bbox 1256 2216 1298 2242; x_wconf 71' lang='lat' dir='ltr'>est</span> 
     </span>
     <span class='ocr_line' id='line_1_35' title="bbox 249 2259 1370 2301; baseline -0.01 -4"><span class='ocrx_word' id='word_1_401' title='bbox 249 2271 260 2287; x_wconf 89' lang='lat'><strong>⁷</strong></span> <span class='ocrx_word' id='word_1_402' title='bbox 278 2269 363 2297; x_wconf 81' lang='lat' dir='ltr'>Marc.</span> <span class='ocrx_word' id='word_1_403' title='bbox 380 2267 452 2295; x_wconf 84' lang='lat' dir='ltr'>Mur.</span> <span class='ocrx_word' id='word_1_404' title='bbox 470 2266 520 2301; x_wconf 75' lang='lat' dir='ltr'>Qm&#39;</span> <span class='ocrx_word' id='word_1_405' title='bbox 1016 2259 1038 2277; x_wconf 73' lang='lat'>‘³⁴</span> <span class='ocrx_word' id='word_1_406' title='bbox 1058 2259 1142 2287; x_wconf 83' lang='lat' dir='ltr'>Marc.</span> <span class='ocrx_word' id='word_1_407' title='bbox 1162 2259 1232 2286; x_wconf 82' lang='lat' dir='ltr'>Mur.</span> <span class='ocrx_word' id='word_1_408' title='bbox 1252 2259 1370 2287; x_wconf 73' lang='lat' dir='ltr'>debeant</span> 
     </span>
     <span class='ocr_line' id='line_1_36' title="bbox 249 2303 1298 2341; baseline -0.01 1"><span class='ocrx_word' id='word_1_409' title='bbox 249 2316 260 2332; x_wconf 75' lang='lat'><strong>⁸</strong></span> <span class='ocrx_word' id='word_1_410' title='bbox 278 2313 362 2341; x_wconf 82' lang='lat' dir='ltr'>Marc.</span> <span class='ocrx_word' id='word_1_411' title='bbox 382 2312 436 2339; x_wconf 84' lang='grc' dir='ltr'>ΡΡ.</span> <span class='ocrx_word' id='word_1_412' title='bbox 455 2311 507 2339; x_wconf 73' lang='lat' dir='ltr'>seit</span> <span class='ocrx_word' id='word_1_413' title='bbox 1016 2305 1039 2322; x_wconf 68' lang='lat'>²5</span> <span class='ocrx_word' id='word_1_414' title='bbox 1058 2303 1112 2332; x_wconf 85' lang='grc' dir='ltr'>ΡΡ.</span> <span class='ocrx_word' id='word_1_415' title='bbox 1131 2303 1202 2332; x_wconf 85' lang='lat' dir='ltr'>Mur.</span> <span class='ocrx_word' id='word_1_416' title='bbox 1221 2304 1298 2338; x_wconf 75' lang='lat' dir='ltr'>qnod</span> 
     </span>
     <span class='ocr_line' id='line_1_37' title="bbox 249 2347 1308 2386; baseline -0.011 0"><span class='ocrx_word' id='word_1_417' title='bbox 249 2360 260 2376; x_wconf 76' lang='lat'><strong>⁹</strong></span> <span class='ocrx_word' id='word_1_418' title='bbox 279 2358 340 2386; x_wconf 80' lang='lat' dir='ltr'>Cosi</span> <span class='ocrx_word' id='word_1_419' title='bbox 360 2357 443 2385; x_wconf 79' lang='lat' dir='ltr'>Marc.</span> <span class='ocrx_word' id='word_1_420' title='bbox 465 2355 518 2383; x_wconf 82' lang='grc' dir='ltr'>ΡΡ.</span> <span class='ocrx_word' id='word_1_421' title='bbox 539 2363 553 2382; x_wconf 84' lang='lat' dir='ltr'>c</span> <span class='ocrx_word' id='word_1_422' title='bbox 572 2354 642 2382; x_wconf 78' lang='lat' dir='ltr'>Mur.</span> <span class='ocrx_word' id='word_1_423' title='bbox 662 2352 787 2386; x_wconf 72' lang='lat' dir='ltr'>efficere;</span> <span class='ocrx_word' id='word_1_424' title='bbox 1019 2348 1042 2366; x_wconf 70' lang='lat'>‘³⁶</span> <span class='ocrx_word' id='word_1_425' title='bbox 1062 2347 1116 2376; x_wconf 84' lang='grc' dir='ltr'>ΡΡ.</span> <span class='ocrx_word' id='word_1_426' title='bbox 1135 2348 1205 2376; x_wconf 74' lang='lat' dir='ltr'>Mur.</span> <span class='ocrx_word' id='word_1_427' title='bbox 1223 2348 1308 2376; x_wconf 59' lang='lat' dir='ltr'>imm</span> 
     </span>
     <span class='ocr_line' id='line_1_38' title="bbox 241 2393 1338 2429; baseline -0.008 0"><span class='ocrx_word' id='word_1_428' title='bbox 241 2403 264 2420; x_wconf 71' lang='lat'>⁴⁰</span> <span class='ocrx_word' id='word_1_429' title='bbox 282 2401 337 2429; x_wconf 75' lang='lat' dir='ltr'>PF.</span> <span class='ocrx_word' id='word_1_430' title='bbox 355 2401 439 2428; x_wconf 78' lang='lat' dir='ltr'>Marc.</span> <span class='ocrx_word' id='word_1_431' title='bbox 458 2402 529 2427; x_wconf 60' lang='lat' dir='ltr'>een-te</span> <span class='ocrx_word' id='word_1_432' title='bbox 1016 2394 1038 2411; x_wconf 58' lang='lat'>²⁷</span> <span class='ocrx_word' id='word_1_433' title='bbox 1058 2393 1112 2421; x_wconf 83' lang='grc' dir='ltr'>ΡΡ.</span> <span class='ocrx_word' id='word_1_434' title='bbox 1131 2393 1338 2428; x_wconf 75' lang='lat' dir='ltr'>impudentiam</span> 
     </span>
     <span class='ocr_line' id='line_1_39' title="bbox 240 2437 1213 2474; baseline -0.01 0"><span class='ocrx_word' id='word_1_435' title='bbox 240 2448 259 2464; x_wconf 74' lang='lat'>⁴¹</span> <span class='ocrx_word' id='word_1_436' title='bbox 282 2446 336 2474; x_wconf 87' lang='grc' dir='ltr'>ΡΡ.</span> <span class='ocrx_word' id='word_1_437' title='bbox 353 2445 386 2473; x_wconf 78' lang='lat' dir='ltr'>in</span> <span class='ocrx_word' id='word_1_438' title='bbox 399 2445 566 2472; x_wconf 73' lang='lat' dir='ltr'>moerentem</span> <span class='ocrx_word' id='word_1_439' title='bbox 1014 2438 1037 2456; x_wconf 62' lang='lat'>⁹⁸</span> <span class='ocrx_word' id='word_1_440' title='bbox 1056 2438 1110 2465; x_wconf 87' lang='grc' dir='ltr'>ΡΡ.</span> <span class='ocrx_word' id='word_1_441' title='bbox 1128 2437 1213 2465; x_wconf 73' lang='lat' dir='ltr'>alind</span> 
     </span>
     <span class='ocr_line' id='line_1_40' title="bbox 240 2480 1217 2518; baseline -0.009 0"><span class='ocrx_word' id='word_1_442' title='bbox 240 2493 260 2509; x_wconf 74' lang='lat'>¹²</span> <span class='ocrx_word' id='word_1_443' title='bbox 281 2491 365 2518; x_wconf 77' lang='lat' dir='ltr'>Marc.</span> <span class='ocrx_word' id='word_1_444' title='bbox 384 2490 415 2517; x_wconf 71' lang='lat' dir='ltr'>in</span> <span class='ocrx_word' id='word_1_445' title='bbox 433 2488 518 2516; x_wconf 74' lang='lat' dir='ltr'>initio</span> <span class='ocrx_word' id='word_1_446' title='bbox 604 2480 607 2483; x_wconf 48' lang='lat'><em>¹</em></span> <span class='ocrx_word' id='word_1_447' title='bbox 1015 2483 1037 2500; x_wconf 54' lang='grc' dir='ltr'>Ψ</span> <span class='ocrx_word' id='word_1_448' title='bbox 1057 2482 1111 2510; x_wconf 86' lang='grc' dir='ltr'>ΡΡ.</span> <span class='ocrx_word' id='word_1_449' title='bbox 1131 2491 1217 2518; x_wconf 72' lang='lat' dir='ltr'>qnam</span> 
     </span>
     <span class='ocr_line' id='line_1_41' title="bbox 239 2527 1247 2567; baseline -0.009 -5"><span class='ocrx_word' id='word_1_450' title='bbox 239 2538 260 2554; x_wconf 52' lang='grc' dir='ltr'>’ὁ</span> <span class='ocrx_word' id='word_1_451' title='bbox 280 2535 364 2562; x_wconf 84' lang='lat' dir='ltr'>Marc.</span> <span class='ocrx_word' id='word_1_452' title='bbox 383 2534 476 2567; x_wconf 62' lang='lat' dir='ltr'>fateris</span> <span class='ocrx_word' id='word_1_453' title='bbox 1017 2528 1040 2545; x_wconf 79' lang='lat'>³⁰</span> <span class='ocrx_word' id='word_1_454' title='bbox 1058 2527 1142 2555; x_wconf 83' lang='lat' dir='ltr'>Marc.</span> <span class='ocrx_word' id='word_1_455' title='bbox 1160 2527 1247 2554; x_wconf 75' lang='lat' dir='ltr'>civem</span> 
     </span>
     <span class='ocr_line' id='line_1_42' title="bbox 237 2571 1337 2612; baseline -0.008 -5"><span class='ocrx_word' id='word_1_456' title='bbox 237 2580 259 2598; x_wconf 67' lang='grc' dir='ltr'><strong>Η</strong></span> <span class='ocrx_word' id='word_1_457' title='bbox 278 2579 348 2607; x_wconf 84' lang='lat' dir='ltr'>Mur.</span> <span class='ocrx_word' id='word_1_458' title='bbox 367 2578 461 2607; x_wconf 65' lang='lat' dir='ltr'>subita</span> <span class='ocrx_word' id='word_1_459' title='bbox 479 2585 527 2612; x_wconf 86' lang='lat' dir='ltr'>per</span> <span class='ocrx_word' id='word_1_460' title='bbox 545 2576 660 2605; x_wconf 75' lang='lat' dir='ltr'>subdita</span> <span class='ocrx_word' id='word_1_461' title='bbox 1016 2572 1037 2589; x_wconf 72' lang='lat'>³¹</span> <span class='ocrx_word' id='word_1_462' title='bbox 1057 2571 1112 2599; x_wconf 88' lang='grc' dir='ltr'>ΡΡ.</span> <span class='ocrx_word' id='word_1_463' title='bbox 1132 2572 1232 2599; x_wconf 77' lang='lat' dir='ltr'>omette</span> <span class='ocrx_word' id='word_1_464' title='bbox 1244 2579 1337 2606; x_wconf 69' lang='lat' dir='ltr'>prope</span> 
     </span>
     <span class='ocr_line' id='line_1_43' title="bbox 237 2615 1465 2658; baseline -0.007 -7"><span class='ocrx_word' id='word_1_465' title='bbox 237 2625 258 2643; x_wconf 67' lang='lat'>¹5·</span> <span class='ocrx_word' id='word_1_466' title='bbox 278 2623 348 2651; x_wconf 84' lang='lat' dir='ltr'>Mur.</span> <span class='ocrx_word' id='word_1_467' title='bbox 365 2623 529 2658; x_wconf 61' lang='lat' dir='ltr'>gratantem</span> <span class='ocrx_word' id='word_1_468' title='bbox 1015 2616 1037 2633; x_wconf 73' lang='lat'>³2</span> <span class='ocrx_word' id='word_1_469' title='bbox 1057 2615 1112 2643; x_wconf 84' lang='grc' dir='ltr'>ΡΡ.</span> <span class='ocrx_word' id='word_1_470' title='bbox 1132 2617 1216 2643; x_wconf 73' lang='lat' dir='ltr'>antea</span> <span class='ocrx_word' id='word_1_471' title='bbox 1236 2638 1242 2644; x_wconf 91' lang='lat'>.</span> <span class='ocrx_word' id='word_1_472' title='bbox 1257 2637 1278 2642; x_wconf 91' lang='lat'>..</span> <span class='ocrx_word' id='word_1_473' title='bbox 1293 2637 1299 2644; x_wconf 92' lang='lat'>.</span> <span class='ocrx_word' id='word_1_474' title='bbox 1319 2615 1352 2644; x_wconf 80' lang='lat' dir='ltr'>de</span> <span class='ocrx_word' id='word_1_475' title='bbox 1361 2624 1465 2652; x_wconf 73' lang='lat' dir='ltr'>yraeco</span> 
     </span>
    </p>
   </div>
   <div class='ocr_carea' id='block_1_8' title="bbox 237 2667 619 2702">
    <p class='ocr_par' dir='ltr' id='par_1_9' title="bbox 237 2667 619 2702">
     <span class='ocr_line' id='line_1_44' title="bbox 237 2667 619 2702; baseline -0.01 -6"><span class='ocrx_word' id='word_1_476' title='bbox 237 2670 259 2687; x_wconf 79' lang='lat'>¹⁰</span> <span class='ocrx_word' id='word_1_477' title='bbox 279 2667 333 2696; x_wconf 84' lang='grc' dir='ltr'>ΡΡ.</span> <span class='ocrx_word' id='word_1_478' title='bbox 347 2674 443 2702; x_wconf 76' lang='lat' dir='ltr'>pauca</span> <span class='ocrx_word' id='word_1_479' title='bbox 461 2673 510 2701; x_wconf 81' lang='lat' dir='ltr'>per</span> <span class='ocrx_word' id='word_1_480' title='bbox 522 2673 619 2700; x_wconf 68' lang='lat' dir='ltr'>parva</span> 
     </span>
    </p>
   </div>
  </div>
 </body>
</html>
