1845 3076
729 174 866 198 nmsrons
1499 169 1555 200 133

51 258 136 290 domi
152 258 160 275 ¹
182 257 362 298 principem,
383 257 437 288 sed
453 258 464 275 ²
483 257 629 294 sodalem,
651 267 712 289 non
732 258 919 298 pontificem,
945 259 999 290 sed
1019 269 1212 292 communem
1237 261 1374 292 omnium
1394 263 1556 300 parentem

50 315 218 347 aestimare
232 324 303 346 eum
317 314 420 346 liceat.
439 315 545 354 Atque
559 314 635 345 haec
649 323 705 355 ego
725 325 786 346 non
801 317 866 346 tam
887 316 1031 347 laudibus
1053 316 1119 355 ejus
1139 317 1267 348 studens
1288 317 1397 358 collegi
1411 317 1422 334 ³
1445 319 1555 358 (quan-

51 382 147 412 quam
174 374 205 403 et
226 371 353 402 illarum
372 381 477 403 omnes
498 381 603 402 sumus
624 371 653 402 ei
667 370 677 388 ⁴
698 372 877 412 debitores),
898 383 994 413 quam
1016 377 1052 404 ut
1073 377 1104 405 et
1125 376 1160 405 tu
1177 375 1187 390 ⁵
1208 374 1463 406 consuetudinem
1488 375 1555 415 ejus

49 438 163 467 nosceS,
185 431 217 460 et
234 438 299 469 ego,
320 428 395 459 dum
415 438 568 466 recenseo,
589 429 740 460 memoria
759 439 867 460 earum
882 439 986 460 rerum
1007 430 1189 462 delectarer.
1212 431 1386 469 Caeterum,
1401 431 1554 468 libellum,

50 496 145 526 quem
165 486 320 526 scripsisse
341 489 373 517 te
387 485 541 526 significas
562 485 600 516 de
615 485 751 526 elegibili
772 496 883 526 genere
904 486 996 526 vitae,
1018 487 1126 518 hortor
1141 491 1176 518 ut
1192 488 1293 519 eidem
1314 488 1437 520 domino
1450 491 1555 520 nostro

50 543 230 574 Innocentio
250 543 380 582 septimo
395 553 514 574 summo
527 542 667 582 pontifici
688 543 844 574 inscribas
868 543 966 574 Nemo
988 546 1035 574 est
1048 544 1130 575 enim
1151 545 1289 575 omnium
1310 545 1479 582 hominum,
1497 545 1552 585 qui

49 602 106 632 aut
123 600 238 641 justius
258 600 346 631 illum
366 600 500 639 probare
520 600 626 640 possit,
648 602 704 631 aut
723 600 892 640 probatum
913 601 1010 640 magis
1038 600 1206 632 illustrare.
1233 601 1314 633 Nam
1336 602 1375 633 de
1395 602 1555 642 elegantia

49 657 176 698 quidem
190 657 291 697 operis
305 657 516 697 conjecturam
530 657 612 688 hanc
626 657 715 694 facio,
729 657 820 697 quod,
835 667 905 688 cum
919 667 1042 688 omnem
1055 661 1193 689 aetatem
1211 659 1407 699 eloquentiae
1422 659 1554 696 dederis,

48 715 100 746 vix
120 715 160 745 sit
180 714 235 754 qui
255 714 325 754 pari
345 716 448 746 tecum
470 713 649 754 eloquentia
669 714 780 752 dicere,
801 714 839 745 de
860 724 893 745 re
914 724 985 745 vero
1006 714 1116 746 melius
1137 718 1234 755 atque
1255 716 1302 746 ita
1324 716 1428 756 possit,
1449 716 1503 756 qui
1524 718 1556 747 et

47 771 171 812 longam
192 774 328 802 aetatem
348 771 453 802 vixisti
475 773 507 802 et
527 771 650 802 vivendi
670 771 771 802 multa
791 780 906 811 genera
928 773 1074 810 expertus
1090 782 1132 803 es.
1153 772 1219 803 Nec
1239 783 1309 803 vero
1329 775 1360 803 te
1382 774 1490 813 opinor
1504 783 1555 804 ue-

47 829 165 869 gotium
179 828 236 859 hoc
249 829 426 868 suscepisse,
442 828 535 868 quod,
556 838 627 859 cum
638 828 648 845 ‘⁵
669 838 764 868 prope
779 828 983 859 desinendum
996 829 1037 859 sit
1050 828 1152 860 vivere
1169 829 1214 869 (id
1231 829 1313 860 enim
1328 832 1414 860 aetas
1435 829 1555 860 indicat

47 888 128 926 tua),
150 886 189 917 de
210 886 292 917 vitae
313 895 427 926 genere
454 885 595 926 eligendo
615 895 699 916 nunc
719 886 855 925 primum
875 885 1036 923 deliberes,
1065 886 1119 917 sed
1140 890 1175 917 ut
1195 896 1286 926 quae,
1315 887 1445 918 docente
1466 896 1555 927 expe-

50 943 174 980 rientia,
203 943 323 983 optima
353 953 459 974 rerum
479 943 637 983 magistra,
663 942 798 973 didicisti
811 942 831 980 ⁷,
859 953 896 974 ea
919 943 1087 982 juvenibus
1114 953 1151 974 ac
1172 944 1302 984 posteris
1329 944 1449 975 ratione
1470 954 1557 984 prae-

47 1001 208 1041 ceptisque
235 1000 473 1032 demonstrares.
502 1000 585 1031 Bene
606 1000 702 1040 igitur
721 1000 799 1037 vale,
829 1000 875 1031 vir
895 1001 1011 1040 optime
1033 1003 1128 1040 atque
1156 1001 1338 1032 doctissime.
1368 1001 1456 1040 Quod
1477 1001 1502 1032 si
1524 1003 1555 1032 te

49 1057 166 1089 diutius
187 1057 316 1094 detinui,
344 1058 386 1089 da
406 1058 538 1095 veniam,
567 1058 702 1089 obsecro.
731 1056 812 1088 Nam
833 1060 865 1088 et
885 1058 1019 1089 materia
1038 1060 1070 1089 et
1090 1058 1232 1090 auditore
1259 1069 1327 1089 sum
1348 1059 1380 1089 in
1409 1068 1555 1099 praesens

47 1115 231 1152 delectatus
252 1115 336 1155 quod
354 1117 385 1146 et
399 1114 453 1145 diu
474 1117 578 1146 tecum
598 1114 746 1155 loquutus
766 1125 827 1145 non
843 1125 921 1153 sum,
943 1118 975 1146 et
990 1115 1072 1155 quod
1094 1115 1131 1146 de
1153 1116 1208 1146 illa
1223 1126 1313 1147 nemo
1334 1116 1430 1156 possit
1450 1115 1555 1156 eloqui

47 1172 122 1204 satis
125 1196 277 1203 ......
299 1172 378 1203 bene
398 1171 474 1204 vale.

758 1430 836 1462 XCI.

368 1524 434 1554 AD
470 1522 756 1555 NICOLAUM
790 1523 853 1554 DE
889 1522 1197 1554 LEONARDIS
1224 1523 1236 1539 ⁸

562 1607 758 1637 JUSTINOPOLI,
780 1607 801 1630 11
822 1607 921 1636 MART„
945 1599 1028 1629 1401.

321 1674 388 1710 (Br.
407 1682 439 1709 p.
463 1675 501 1702 25
522 1676 548 1707 t;
573 1690 608 1694 —
638 1674 724 1708 G76,·
744 1690 776 1693 —
796 1674 867 1702 PM.
890 1683 912 1702 c.
937 1674 993 1709 903
1019 1690 1050 1693 —-
1077 1674 1138 1701 ΓΡ.
1165 1682 1192 1702 φῖ.
1218 1675 1279 1709 71.)

130 1762 200 1794 Non
220 1772 332 1803 parum
362 1766 452 1803 grate
473 1762 575 1799 audio,
596 1762 695 1794 amice
714 1762 870 1793 carissime
885 1762 906 1800 ⁹,
937 1771 1018 1802 quae
1039 1762 1078 1792 de
1105 1761 1207 1793 salute
1236 1764 1294 1794 tua
1313 1764 1345 1793 et
1366 1762 1404 1793 de
1421 1762 1442 1779 ¹⁰
1462 1762 1550 1793 bonis

45 1819 156 1851 studiis
177 1819 316 1860 quotidie
337 1819 414 1851 mihi
434 1819 585 1851 dicuntur
599 1820 629 1851 ¹¹.
650 1820 696 1851 Ea
710 1822 817 1851 tamen
831 1829 1004 1860 numquam
1025 1819 1119 1851 aliter
1133 1822 1284 1851 eventura
1297 1820 1428 1859 speravi,
1443 1819 1553 1850 arden-

46 1877 195 1908 tissimam
216 1887 343 1909 noscens
372 1877 489 1917 ingenii
518 1877 565 1908 tui
585 1877 647 1909 vim
667 1880 763 1918 atque
794 1878 978 1909 immensam
1009 1877 1106 1908 animi
1136 1878 1294 1908 virtutem.
1325 1876 1552 1908 Habitudinem

44 1935 128 1966 em'm
149 1935 285 1974 corporis
305 1944 366 1965 non
388 1934 498 1973 recolo,
520 1944 584 1974 qua
603 1934 706 1965 nescio
720 1934 745 1965 si
758 1937 789 1965 te
811 1934 893 1965 alter
907 1934 1009 1974 potior
1023 1934 1106 1966 ullus
1125 1934 1174 1965 sit.
1197 1934 1296 1971 Hanc,
1312 1934 1513 1974 dispensante
1528 1934 1550 1951 ¹²

45 1991 208 2029 modestia,
229 2001 311 2031 quae
331 2001 393 2022 non
413 1991 542 2023 minima
564 1994 668 2023 tecum
684 1994 739 2029 est,
761 2002 856 2032 quam
872 1991 926 2023 diu
940 1991 1024 2023 voles
1039 1992 1069 2029 ¹³,
1093 1991 1306 2031 praeservabis
1326 1991 1501 2022 incolumen
1519 1991 1548 2022 ¹⁴.

48 2049 86 2080 Id
107 2049 216 2088 solum,
236 2049 320 2090 quod
338 2052 376 2080 tu
397 2049 455 2080 tibi
474 2049 624 2086 tribuisti,
644 2049 809 2081 considero.
833 2049 949 2081 Sanum
970 2049 1052 2080 enim
1074 2059 1147 2088 esse,
1169 2051 1201 2080 et
1220 2049 1394 2086 robustum,
1415 2051 1447 2080 et
1472 2048 1550 2080 velo-

46 2117 124 2144 cem,
140 2109 172 2138 et
183 2109 309 2138 caetera
323 2106 545 2148 hujuscemodi,
560 2109 693 2138 naturae
705 2109 779 2137 sunt
790 2117 928 2138 numera.
941 2106 1123 2138 Virtuosum
1136 2109 1242 2138 autem
1254 2109 1287 2137 et
1299 2106 1378 2137 bene
1393 2108 1549 2137 moratum

54 2253 64 2270 ¹
85 2252 131 2280 Gr.
145 2260 158 2280 e
171 2251 232 2280 PM.
245 2253 278 2279 ut
289 2259 348 2279 non
360 2250 452 2279 solum
465 2251 497 2278 m*
508 2258 581 2285 non,
595 2250 640 2279 Gr.
651 2251 716 2279 nota
728 2251 777 2279 che
825 2253 835 2271 8
856 2252 887 2280 G.
907 2251 1080 2280 Praeclarae
1098 2251 1213 2279 virtutis
1225 2253 1253 2279 et
1263 2251 1398 2279 scientiae
1415 2252 1478 2279 viro
1492 2259 1550 2280 mov-

77 2296 107 2325 in
132 2296 200 2325 God.
227 2295 322 2324 Tomfl
346 2303 479 2323 mancano
504 2294 529 2322 le
548 2295 640 2329 parole
662 2297 695 2323 ut
718 2304 776 2324 non
845 2297 937 2332 yistro
957 2296 1078 2324 Nicolao
1091 2296 1124 2324 de
1143 2295 1295 2330 Ferraria,
1315 2295 1400 2324 Senis
1416 2296 1551 2331 studenti,

76 2341 169 2371 solum
850 2343 940 2369 amico
959 2341 1072 2376 optima
1092 2340 1213 2368 Ibidem.

53 2388 66 2405 ²
83 2385 148 2415 God.
161 2385 245 2414 citato
259 2385 294 2413 da
307 2384 352 2413 Gr.
365 2392 416 2412 nec
428 2392 476 2419 per
487 2383 536 2412 sed
825 2385 835 2405 ‘³
854 2386 896 2420 G.,
916 2385 1003 2413 amice
1019 2384 1175 2418 carissime,

53 2431 65 2449 ³
82 2430 136 2458 Nei
148 2429 235 2458 codici
247 2429 345 2465 colli-qi
817 2432 838 2450 ¹⁰
858 2431 920 2458 Cosi
939 2429 970 2459 G.
990 2428 1075 2464 Negli
1093 2428 1158 2456 altri
1177 2427 1264 2456 codici
1284 2437 1366 2457 senza
1386 2429 1418 2457 cle

53 2475 65 2493 ⁴
82 2474 136 2503 Nei
148 2473 235 2502 codici
248 2474 310 2509 ejus
817 2477 836 2493 ¹¹
858 2475 920 2502 Cosi
938 2474 970 2501 G.
990 2473 1075 2508 Negli
1092 2473 1157 2500 altri
1176 2472 1262 2500 codici
1281 2473 1459 2506 referuntur.

55 2520 66 2537 ⁵
84 2518 147 2547 Scil.
160 2519 234 2546 sicut
246 2519 278 2546 tu
818 2520 840 2537 ¹2
859 2519 922 2546 Cosi
941 2519 973 2546 G.
992 2517 1075 2553 Negli
1094 2517 1159 2545 altri
1179 2516 1264 2544 codici
1283 2517 1446 2553 dispensata

54 2564 66 2581 ⁶
85 2562 131 2592 Gr.
151 2562 228 2598 quod
244 2571 324 2597 cum;
347 2562 408 2591 PM.
427 2563 511 2598 quasi
529 2571 610 2599 cum3
632 2562 678 2592 Gr.
698 2563 778 2592 nota:
818 2563 838 2581 ¹3
858 2562 921 2590 Cosi
939 2562 971 2590 G.
992 2561 1037 2589 Gli
1055 2561 1121 2589 altri
1138 2562 1286 2589 omettouo.

77 2607 162 2641 quasi
175 2607 206 2634 in
224 2606 253 2636 C.
267 2606 300 2634 P.
818 2607 838 2626 Η
858 2607 912 2635 PP.
930 2605 1091 2633 incolumen

57 2652 69 2669 ⁷
85 2650 138 2679 Nei
150 2651 235 2679 codici
247 2651 379 2679 didicisse
