1845 3076
783 172 918 195 EPISTOLE
1547 163 1604 194 105

97 257 141 287 ii¹
171 266 305 296 quorum
332 265 454 296 semper
481 256 672 296 amplissima
698 256 793 287 turba
820 266 911 286 aures
938 255 1085 295 principis
1113 255 1252 287 obsidet:
1277 268 1293 284 «
1315 256 1413 287 Arma
1439 258 1548 287 contra
1574 258 1607 287 te

98 313 177 350 fert;
199 331 237 335 —-—
260 313 400 344 fortunas
432 313 500 353 ejus
527 313 696 344 incolumes
723 313 813 350 sines,
845 313 899 352 qui
920 315 952 343 te
973 312 1073 349 domo,
1094 313 1197 350 rebus,
1224 313 1370 353 oninique
1401 314 1530 353 imperio
1551 316 1605 344 tuo

96 369 248 401 molitur?
263 371 274 387 ²
288 383 304 398 »
327 369 467 408 Quorum
494 380 549 410 ego
577 380 733 401 sermones
760 370 862 400 miuus
891 370 993 407 tirum),
1021 370 1076 409 qui
1098 370 1332 408 benignissimas
1361 381 1452 401 aures
1475 374 1544 402 tuas
1565 371 1606 402 ad

98 437 214 467 aequos
235 427 369 467 patulas
390 426 430 458 ad
452 427 506 457 hos
520 437 592 458 vero
613 437 810 458 sussurrones
830 427 990 458 obseratas
1011 437 1075 457 esse
1096 427 1166 458 scio.
1187 427 1246 458 Sed
1260 427 1367 458 dicant
1389 428 1504 468 palam,
1525 428 1607 459 oblo-

96 487 234 524 quantur
265 487 420 524 quatenus
446 484 562 521 velint;
593 494 755 524 nunquam
783 484 1055 515 mansuetudinem
1088 487 1177 515 tuam
1207 494 1406 524 corrumpere
1437 487 1606 524 poterunt;

95 551 257 581 nunquam
279 543 381 581 agent,
404 551 442 571 ne
464 543 499 572 tu
519 541 758 581 benignissimus
780 541 956 580 principum
976 541 1024 572 sis.
1047 542 1153 577 Arma,
1182 541 1322 581 inquent,
1353 545 1460 572 contra
1481 545 1512 573 te
1533 543 1604 573 fert.

96 597 185 636 Quod
206 597 333 629 minime
354 608 462 629 verum
484 600 537 628 est.
560 598 694 629 Abunde
716 598 812 629 habet
831 598 884 628 ille
899 598 1033 629 hostium
1054 601 1163 629 contra
1184 608 1260 638 quos
1275 609 1364 629 arma
1386 599 1548 636 serantur;
1570 602 1601 630 te

93 658 201 687 autem
221 655 407 686 incolumem
422 665 486 686 esse
507 655 583 693 vult,
606 658 646 692 et,
667 655 692 685 si
705 655 771 686 sine
787 655 937 686 dedecore
960 655 1061 686 facere
1082 658 1193 695 posset⁷
1215 656 1358 687 omnibus
1379 656 1498 687 viribus
1520 658 1604 687 tuta-

93 715 191 744 retur.
212 711 272 743 Sed
292 712 376 752 quod
396 722 511 752 negare
532 723 593 743 non
614 722 746 752 possum,
768 712 825 743 sub
847 712 934 743 hoste
955 712 1080 743 militat.
1101 712 1121 743 J
1126 713 1342 751 usjurandum,
1364 713 1538 753 datumque
1561 714 1606 743 in-

93 769 156 800 vite
175 769 269 801 fidem
282 772 395 800 servat.
417 769 559 800 Obtinuit
574 770 656 800 enim
671 769 710 800 ab
733 779 777 806 eo,
798 780 891 809 quem
912 769 944 799 in
965 770 1097 801 adversa
1118 769 1245 801 fortuna
1259 770 1316 801 sibi
1331 770 1491 801 dominum
1514 781 1599 810 prae-

93 826 177 864 fecit,
198 837 237 858 ne
253 829 362 857 contra
377 829 409 858 te
424 836 512 857 arma
532 829 692 858 tractaret.
716 826 861 866 Iniquam
882 827 965 858 enim
986 827 1105 858 meritis
1125 827 1187 858 tuis
1209 827 1382 858 mercedem
1406 827 1606 859 redditurum

92 893 124 915 se
145 884 345 923 existimavit,
361 884 386 915 si
406 894 462 924 pro
483 883 595 915 delatis
616 884 793 922 honoribus,
815 895 871 924 pro
891 884 999 925 gloria,
1014 895 1071 924 pro
1091 884 1234 915 maximis
1255 885 1376 925 opibuS‚
1397 885 1511 925 quibus
1533 895 1607 916 eum

93 941 256 979 decorasti,
277 951 361 972 nunc
381 941 521 981 arripere
543 941 602 972 tibi
621 941 779 972 studuerit
801 952 881 981 quae
910 941 1061 972 immensa
1082 942 1209 979 virtute,
1236 944 1363 982 praeter
1385 942 1524 973 omnium
1546 943 1608 982 opi-

94 998 229 1036 nionem,
250 999 468 1038 magnanimus
488 999 642 1039 recepisti.
665 998 753 1038 Quod
766 1009 804 1029 ne
820 999 937 1030 credas.
962 998 1071 1039 Neque
1090 999 1173 1030 enim
1195 999 1261 1030 ulla
1274 1009 1308 1030 re
1323 999 1429 1030 induci
1450 1003 1552 1039 posset
1566 1003 1602 1031 ut

96 1055 155 1086 tibi
170 1055 265 1087 hostis
285 1055 385 1095 fieret,
401 1056 450 1087 cui
464 1066 506 1093 se,
522 1057 669 1093 animam,
683 1066 794 1096 resque
810 1066 880 1086 suas
896 1056 1142 1087 constantissime
1158 1056 1288 1087 devovit.
1311 1056 1430 1096 Neque,
1452 1059 1488 1087 ut
1502 1060 1607 1088 certus

93 1122 171 1151 sum,
191 1123 260 1144 eam
282 1114 542 1145 existimationem
569 1113 666 1145 habes
687 1124 783 1153 quam
804 1113 905 1151 multi,
936 1116 979 1151 ut,
1001 1123 1095 1153 quan]
1116 1114 1178 1145 cito
1198 1114 1268 1154 quis
1295 1113 1439 1154 prodesse
1468 1114 1605 1152 desierit,

91 1169 198 1202 obesse
217 1170 332 1202 credas
361 1171 501 1202 Tandem
522 1171 620 1211 igitur
641 1171 805 1211 (quoniam
827 1170 902 1207 dixi,
929 1181 991 1201 non
1012 1171 1113 1201 multa
1135 1171 1211 1202 mihi
1240 1171 1337 1203 verba
1359 1170 1503 1202 facienda
1525 1172 1604 1210 esse)

92 1228 189 1260 redde
210 1229 345 1269 gratiam
358 1229 424 1260 viro
444 1229 517 1260 forti
532 1232 564 1260 et
586 1228 681 1266 fideli,
705 1231 738 1259 at
753 1228 865 1259 saltem
886 1228 950 1259 filio
965 1229 1031 1269 ejus
1051 1228 1110 1259 civi
1126 1232 1190 1266 tuo,
1211 1228 1342 1269 quinon
1364 1230 1466 1260 minus
1481 1229 1605 1266 litteris,

92 1295 187 1326 quam
208 1286 332 1326 genitor
352 1296 425 1317 suus
445 1286 539 1317 armis
560 1286 664 1317 clarus
686 1289 739 1317 est.
762 1286 802 1316 Et
817 1296 897 1326 quae
918 1285 971 1316 ille
991 1285 1183 1318 liberalitate
1199 1289 1255 1318 tua
1275 1290 1307 1318 et
1322 1297 1378 1318 sua
1399 1287 1516 1318 virtute
1537 1297 1607 1318 con-

92 1343 186 1383 gessit
206 1343 362 1383 possidere
385 1354 457 1374 eum
478 1343 580 1380 sinas;
601 1353 659 1374 nec
680 1344 747 1384 pati
768 1343 844 1375 velis
866 1345 901 1374 ut
921 1343 1135 1375 benemeritae
1164 1343 1288 1375 virtutis
1309 1345 1451 1384 praemia
1471 1344 1606 1384 perfidia

91 1403 226 1441 occupet.
249 1400 412 1432 Communi
432 1401 595 1440 proverbio
617 1401 732 1440 accepi,
753 1400 876 1440 placere
897 1401 1090 1440 principibus
1112 1402 1189 1441 (non
1209 1401 1257 1431 his
1278 1401 1332 1442 qui
1353 1401 1459 1441 palam
1481 1401 1605 1433 vincere

91 1457 233 1498 student)
255 1457 443 1490 defectiones
465 1458 505 1489 ad
527 1469 560 1490 se
581 1458 843 1498 perditionesque,
864 1458 918 1489 sed
939 1468 1001 1489 non
1020 1457 1232 1489 defectionum
1252 1461 1395 1490 auctores
1409 1460 1429 1490 ³.

772 1765 927 1797 LXXVII.

493 1857 790 1893 ⁴ALOVISIO
830 1857 1052 1890 MEDICO
1093 1857 1121 1889 S.
1162 1858 1199 1890 D.

569 1942 766 1971 JUSTINOPOLI,
786 1942 929 1965 CALENDIS
951 1943 1017 1972 ΜΗ,
1041 1935 1125 1965 1379.

454 2008 521 2045 (Βν.
541 2017 573 2044 p.
597 2009 654 2043 33³
678 2025 713 2029 -
739 2009 810 2037 PM.
834 2017 856 2037 ο.
882 2010 921 2036 93
942 2010 977 2044 t.;
1005 2025 1034 2028 —
1062 2010 1124 2037 PP.
1150 2018 1178 2038 n.
1204 2009 1246 2045 3.)

170 2096 282 2128 Multis
302 2107 352 2128 me
372 2096 432 2128 tibi
460 2097 580 2128 meritis
609 2097 778 2128 obnoxium
806 2096 944 2134 effecisti,
971 2107 1028 2137 pro
1055 2097 1167 2137 quibus
1188 2099 1224 2128 ut
1244 2097 1400 2138 condigna
1425 2098 1607 2138 rependam,

92 2154 280 2194 impotentia
301 2155 428 2194 quidem
448 2154 603 2194 prohibet,
624 2164 688 2186 non
708 2154 862 2186 voluntas.
889 2154 979 2192 Quod
999 2157 1107 2186 tamen
1134 2155 1234 2187 habeo
1254 2155 1314 2186 tibi
1335 2157 1424 2195 grate
1445 2156 1606 2195 persolvo;

93 2221 141 2243 me
161 2210 266 2249 offero,
294 2211 385 2243 illum
413 2222 532 2251 exerce,
559 2212 649 2243 illum
669 2212 794 2251 rimare,
824 2214 856 2242 et
875 2212 1028 2252 quidquid
1049 2213 1083 2243 iu
1110 2212 1165 2244 illo
1193 2212 1360 2252 reperieris
1386 2215 1479 2244 tuum
1504 2213 1606 2245 crede.

92 2268 223 2300 Librum
243 2271 345 2306 tuum,
367 2279 438 2301 cum
458 2269 560 2301 multa
580 2269 745 2309 diligentia
764 2269 1000 2310 transcriptum,
1019 2270 1145 2302 remitto
1164 2269 1232 2301 tibi.
1253 2270 1301 2301 Tu
1321 2270 1353 2301 in
1374 2270 1421 2301 his
1437 2272 1469 2301 et
1489 2270 1521 2301 in
1535 2271 1607 2302 aliis

94 2325 199 2358 officiis
219 2337 269 2358 me
291 2329 381 2358 utere
402 2327 535 2359 arbitrio
555 2329 620 2358 tuo.
641 2326 729 2358 Vale.

105 2605 112 2622 ¹
134 2603 212 2633 Ram.
232 2604 275 2638 hia·
881 2602 892 2621 ³
911 2603 989 2631 Ram.
1006 2601 1148 2639 aggiunge
1167 2606 1235 2634 τέλος

104 2649 115 2667 ³
133 2648 245 2684 Moliri,
264 2647 434 2677 dismuovere
1523 2685 1559 2713 14
