1845 3076
732 177 868 201 nmsrotr.
1535 170 1556 201 9

764 311 849 343 VIII.

410 386 630 419 SANCTO
670 385 1008 419 PEREGRINO
1036 387 1045 403 ¹
1084 386 1114 418 S.
1154 387 1191 418 D.

533 469 660 501 PADUAE,
680 470 732 492 xiv
753 470 820 493 ΚΑΒ.
841 469 970 493 MARTIAS
990 461 1075 493 1390.

329 537 394 571 (Br.
412 537 454 566 29
474 539 513 571 t.,·
543 553 575 557 —
611 536 698 570 G76;
729 553 762 556 —
792 535 865 565 PM.
884 544 906 564 c.
926 536 1013 570 93t.;
1044 552 1076 556 -
1107 535 1170 564 ΡΡ.
1189 544 1218 565 n.
1236 537 1276 570 7.)

123 627 278 667 Auguror,
297 628 340 663 te,
353 625 401 657 vir
414 625 545 666 egregie,
566 634 637 656 cum
658 623 784 661 Seneca,
802 623 990 664 jamdudum
1005 626 1070 662 tuo,
1092 624 1246 655 insomnes
1259 624 1380 664 vigilias
1400 634 1501 664 agere,
1521 627 1554 656 et

39 685 145 716 totum
165 683 221 715 otii
241 683 289 714 tui
309 685 432 723 tempus
445 683 456 700 2
478 691 583 713 secum
602 691 666 713 non
686 681 782 713 otiose
796 683 984 718 conterrere,
1005 699 1043 704 -—
1061 681 1235 722 jucundam
1249 682 1394 721 equidem
1414 686 1445 713 et
1464 692 1552 722 prae-

41 740 162 772 claram
184 743 216 772 et
235 740 404 780 unicuique
426 738 635 780 expetabilem
656 739 931 777 conversationem,
952 739 985 769 in
1005 748 1069 778 qua
1089 738 1195 769 nullus
1210 748 1330 776 rancor,
1346 739 1435 770 nulla
1449 742 1551 779 potest

41 797 254 830 controversia
272 797 448 838 jurgiorum
461 797 608 834 incidere,
629 796 684 827 sed
697 796 837 836 quietam
858 805 979 836 semper
1000 797 1096 836 atque
1113 795 1288 836 pacificam,
1310 805 1391 836 quae
1412 796 1444 826 in
1460 797 1552 827 hone-

39 856 89 887 sto
108 854 255 886 continue
276 864 313 885 ac
331 856 439 885 sancto
460 853 613 894 colloquio
632 855 819 894 perseveret.
843 852 918 891 Quis
932 853 1015 884 enim
1038 852 1066 884 ei
1087 853 1248 884 convivere
1263 853 1274 870 ³
1295 856 1426 891 recuset,
1447 863 1466 884 a
1486 864 1548 894 quo

38 911 118 943 nihil
140 911 200 942 nisi
221 911 304 952 quod
324 912 408 942 recte
424 911 500 942 velit
519 911 685 942 auditurus
706 911 756 948 sit,
777 911 832 951 qui
845 913 952 941 tacere
970 910 1073 950 jussus
1093 912 1208 949 taceat,
1229 910 1315 950 loqui
1325 911 1430 951 jussus
1449 913 1549 942 matu-

39 978 91 1001 ros
111 978 212 1000 mores
233 970 265 1000 et
285 968 415 1009 gravida
429 968 439 985 ⁴
460 968 557 999 verba
577 968 746 1008 loquatur?
766 968 833 999 Hoc
853 969 992 1005 auctore,
1013 967 1105 1005 viam,
1126 978 1190 1008 qua
1211 970 1303 999 eatur
1316 968 1357 999 ad
1371 978 1506 1008 supemS,
1519 970 1552 999 et

42 1035 105 1066 quo
120 1026 193 1066 jure
214 1025 265 1056 hic
285 1025 451 1057 vivendum
472 1035 572 1065 quove
593 1025 789 1057 moriendum
801 1026 812 1042 ⁵
832 1026 881 1062 sit,
902 1035 965 1056 non
988 1035 1090 1065 nuper
1112 1024 1221 1056 docilis
1235 1025 1386 1056 dedicisti.
1408 1026 1476 1066 Ipse
1497 1027 1549 1057 bo-

36 1092 150 1114 norum
170 1082 238 1114 fons
259 1093 391 1121 morum,
412 1082 562 1115 honestae
577 1083 588 1099 ⁰
607 1082 733 1113 virtutis
752 1081 866 1113 fluvius
886 1082 1129 1121 amoenissimus,
1151 1085 1192 1120 et,
1223 1085 1259 1113 ut
1278 1082 1416 1114 breviter
1435 1083 1548 1123 dicam,

39 1139 137 1171 totius
151 1140 309 1171 humanae
325 1139 483 1171 felicitatis
498 1140 508 1156 ⁷
522 1142 567 1171 est
582 1139 733 1171 cumulus.
750 1139 846 1180 Cujus
860 1139 950 1177 vires,
966 1139 1023 1170 etsi
1033 1139 1123 1180 longe
1139 1139 1198 1171 tibi
1213 1139 1336 1177 clarius,
1352 1150 1447 1180 quam
1460 1140 1549 1179 mihi,

43 1197 187 1237 cognitae
200 1197 272 1235 sint,
285 1196 296 1213 ⁸
317 1196 436 1228 referre
450 1199 558 1228 tamen
569 1197 660 1237 juvat
673 1206 709 1227 ac
719 1196 731 1213 ⁹
751 1197 845 1228 verbo
859 1196 1009 1235 conferre,
1024 1199 1060 1227 ut
1074 1206 1112 1228 ex
1126 1198 1183 1227 tua
1193 1196 1335 1237 jucunda
1348 1198 1413 1228 vita
1424 1200 1456 1229 et
1467 1197 1552 1229 claro

40 1254 195 1286 consortio
209 1254 355 1286 solatium
379 1254 456 1285 mihi
471 1264 600 1285 sumam.
623 1254 729 1286 Habes
744 1256 776 1285 et
789 1254 886 1285 alium
906 1253 1128 1293 collateralem,
1154 1254 1264 1285 studiis
1285 1255 1347 1285 tuis
1361 1265 1547 1295 comparem,

38 1312 217 1344 Ciceronem
230 1311 375 1343 videlicet
391 1312 577 1352 arpinatem,
589 1312 686 1343 italae
701 1311 898 1352 eloquentiae
913 1314 945 1343 et
960 1312 982 1328 ¹⁰
996 1312 1166 1343 honestatis
1182 1312 1345 1344 universae
1360 1312 1493 1344 culmen.
1510 1332 1549 1336 —

34 1369 124 1400 Inter
138 1379 231 1409 quem
246 1371 278 1400 et
290 1369 374 1400 hunc
387 1368 623 1400 similitudinem
637 1369 932 1409 proportionemque
947 1379 1099 1409 quaerere
1113 1379 1175 1400 non
1190 1371 1236 1400 est
1244 1370 1341 1400 nostri
1350 1370 1469 1409 judicii.
1492 1371 1550 1401 His

35 1426 267 1465 comitantibus
291 1425 388 1457 vitam
401 1426 421 1443 ¹¹
433 1425 635 1466 tranquillius
647 1426 668 1443 ¹²
691 1426 751 1466 agi,
765 1428 797 1457 te
818 1426 876 1457 tibi
898 1426 1044 1466 possides,
1070 1429 1101 1457 et
1115 1427 1233 1466 absque
1247 1426 1312 1457 ullo
1323 1426 1469 1458 fortunae
1483 1430 1543 1458 ‘ter-

33 1493 115 1523 rore,
136 1483 184 1515 his
198 1483 365 1521 tutoribus,
385 1493 493 1514 secure
507 1483 632 1515 incedis.
653 1483 718 1524 Ego
733 1493 806 1514 vero
820 1483 912 1524 longe
927 1494 947 1515 a
959 1483 1070 1514 studiis
1088 1484 1150 1514 tuis
1165 1483 1286 1522 absens,
1306 1484 1398 1524 longe
1415 1485 1478 1516 otio
1492 1488 1548 1516 tuo

34 1540 151 1581 dispar,
176 1542 298 1572 noctem
312 1540 458 1581 diemque
472 1540 602 1581 garrula
626 1540 852 1580 disceptatione
867 1550 1022 1578 consumo,
1048 1543 1120 1572 texo
1133 1541 1271 1581 laqueos,
1285 1542 1436 1582 complico
1449 1543 1543 1579 sinus,

35 1597 149 1638 quibus
163 1599 311 1638 argutum
326 1597 438 1637 possim
453 1598 641 1638 intercipere
654 1598 675 1615 ¹3
688 1598 867 1638 sophistam.
889 1598 985 1629 Miros
999 1598 1127 1638 insuper
1143 1601 1276 1629 naturae
1291 1597 1418 1630 effectus
1430 1599 1545 1630 studio-

30 1664 83 1686 sus
93 1655 229 1695 inquiro,
253 1657 328 1686 tuae
344 1656 460 1695 (nescio
484 1665 525 1687 an
538 1655 615 1696 quia
629 1655 748 1686 nemini
768 1665 833 1687 sors
848 1665 905 1687 sua
919 1656 1032 1696 placet,
1058 1665 1099 1686 an
1113 1656 1188 1696 quia
1213 1655 1404 1696 praeclarior
1419 1659 1476 1688 tua
1491 1657 1547 1697 sit)

30 1712 116 1743 vitae
139 1721 262 1752 semper
275 1712 398 1744 invidus
412 1715 444 1744 et
465 1713 582 1744 maturi
611 1712 666 1744 otii
688 1713 735 1744 tui
754 1713 893 1753 cupidus.
923 1712 970 1743 Tu
995 1723 1068 1754 ergo
1093 1713 1170 1753 quid
1194 1713 1368 1751 honestum,
1394 1724 1449 1754 ego
1471 1715 1548 1754 quid

30 1778 142 1801 verum
155 1769 250 1801 rebus
263 1769 338 1800 insit
352 1772 539 1810 perscrutor,
563 1770 640 1810 quid
653 1770 768 1801 Divina
791 1770 836 1801 vis
858 1770 948 1801 nobis
967 1770 1060 1801 insita
1072 1770 1094 1787 ¹⁴
1119 1771 1166 1801 sui
1187 1771 1451 1811 contemplatione
1471 1781 1539 1811 pro-

32 1825 130 1864 ficiat,
145 1836 183 1858 ex
198 1826 257 1858 hoc
275 1826 356 1858 forte
372 1827 476 1858 studio
496 1826 667 1867 plurimum
682 1827 881 1867 perfectionis
894 1830 926 1859 et
939 1827 1057 1868 gloriae
1070 1827 1253 1867 adepturus
1274 1828 1320 1859 De
1334 1828 1543 1860 exterioribus

36 1886 144 1915 autem
159 1884 291 1924 negotiis
304 1884 366 1915 tuis
381 1884 483 1916 nescio
498 1884 575 1924 quid
590 1884 732 1922 sentiam,
747 1895 788 1916 an
803 1884 935 1923 doleam,
952 1895 993 1916 an
1006 1885 1214 1926 congratuler.
1228 1885 1276 1916 Tu
1291 1886 1374 1916 enim
1389 1896 1426 1917 ea
1439 1887 1548 1918 hacte-

32 1950 93 1972 nus
118 1941 195 1972 mihi
219 1941 377 1982 incognita
399 1942 567 1982 permisisti
579 1942 620 1979 ¹⁵;
646 1952 704 1973 nec
730 1942 769 1973 de
789 1945 821 1974 te
835 1943 876 1973 ab
892 1942 971 1980 aliis,
999 1943 1057 1973 nisi
1072 1943 1207 1981 confuse,
1228 1944 1401 1984 quidquam
1430 1944 1545 1975 audivi.

30 1997 112 2030 Vale
128 1999 158 2038 ¹⁶,
175 2000 207 2029 et
219 2008 270 2030 me
284 1998 429 2031 fortunae
444 2002 519 2031 tuae
532 1999 718 2040 participem
733 2000 792 2031 fac.
816 2000 948 2031 Domino
962 2000 1066 2038 Petro,
1088 2001 1113 2031 si
1129 2001 1255 2041 quando
1270 2011 1341 2032 eum
1357 2002 1479 2039 videris,
1493 2012 1543 2033 me

33 2055 229 2088 strictissime
241 2056 466 2088 recommenda.

40 2149 48 2167 ¹
70 2148 102 2176 G.
117 2147 337 2183 Sapientissimo
348 2150 409 2177 viro
423 2149 538 2177 domino
548 2149 654 2178 Sancto
667 2150 701 2179 (Ze
713 2151 767 2179 Pe·
813 2154 824 2169 ⁹
843 2151 897 2180 ΡΡ.
917 2153 945 2179 et

59 2192 195 2228 reyrinis,
208 2193 324 2221 domino
334 2193 406 2221 mihi
411 2194 577 2229 praecipuo,
593 2194 674 2223 Utim'
688 2195 772 2223 detur
809 2196 831 2214 ¹0
849 2195 904 2224 ΡΡ.
924 2204 957 2224 ac

33 2237 47 2256 ²
64 2236 128 2265 Cosi
146 2237 167 2264 il
186 2237 254 2266 Reff.
274 2237 320 2265 Gli
339 2237 404 2266 altri
423 2238 558 2273 temporis
804 2241 823 2257 ¹¹
844 2240 899 2275 Br..
919 2241 991 2276 PM„
1022 2241 1089 2270 Reff.
1108 2242 1164 2269 ΡΡ.
1195 2242 1279 2269 witam
1304 2242 1391 2268 tuam.
1412 2242 1444 2268 G.
1463 2249 1547 2268 senza

33 2281 45 2300 ³
64 2281 128 2310 Cosi
147 2281 178 2309 G.
198 2281 245 2310 Gli
264 2282 330 2310 altri
349 2283 445 2312 vivere
839 2287 927 2313 tuam.

34 2324 47 2345 ⁴
64 2325 134 2354 Reff.
149 2326 254 2362 yravia
804 2331 825 2348 ¹2
844 2330 912 2358 Reff.
934 2330 1133 2366 tranquillam.

32 2370 44 2390 ⁵
63 2369 126 2399 Cosi
144 2370 175 2398 G.
195 2370 242 2399 Gli
260 2371 325 2400 altri
344 2372 494 2401 omettono.
802 2375 823 2393 ¹³
843 2374 875 2402 G.
894 2383 908 2402 e
927 2375 988 2403 PM.
1009 2376 1197 2410 interceptam

31 2415 44 2433 ⁶
62 2415 126 2444 cosi
144 2415 176 2444 G.
196 2424 210 2444 e
228 2415 297 2444 Reff.
317 2416 364 2444 Gli
383 2416 449 2444 altri
468 2416 605 2446 honestus
798 2419 820 2437 ¹⁴
838 2420 892 2448 Nei
911 2419 1000 2448 codici
1018 2419 1147 2448 divinam
1159 2419 1218 2448 vim
1230 2419 1311 2448 nobis
1322 2419 1440 2448 insitam

30 2459 45 2478 ⁷
61 2459 125 2488 Cosi
143 2460 176 2489 G.
195 2460 242 2488 Gli
265 2460 331 2489 altri
352 2461 440 2490 totius
461 2462 522 2496 fere
542 2462 691 2495 felicitatis
709 2462 760 2491 Icu—
797 2464 819 2481 ¹⁵
837 2463 1010 2492 Pet-mittere
1026 2471 1074 2498 per
1093 2463 1245 2499 dimittere,
1259 2463 1424 2499 delinquere
1437 2463 1482 2491 nel
1496 2463 1543 2491 Dn

59 2512 163 2532 manae
839 2508 940 2544 Gange.

31 2548 48 2566 ³
64 2548 119 2576 ΡΡ.
139 2551 210 2578 sunt
801 2553 822 2570 ¹⁶
842 2553 945 2586 Questa
963 2553 1101 2589 aggiunta
1119 2560 1174 2581 non
1193 2553 1208 2579 ὁ
1227 2552 1276 2581 che
1295 2552 1341 2581 nel
1361 2553 1392 2581 G.

1431 2690 1447 2716 1³
