1845 3076
233 154 273 184 34
866 165 892 188 12.
913 166 937 188 P.
960 165 1107 189 x'ERcEfflo

233 245 297 285 Ego
311 255 384 276 vero
398 245 489 285 cupio
503 256 666 286 nunquam
679 247 686 264 ¹
712 247 751 278 de
765 257 803 278 ea
817 258 851 279 re
865 250 1012 289 cogitare.
1027 262 1043 278 »
1059 268 1098 272 —
1112 249 1207 281 Recte
1222 251 1357 291 quidem,
1373 253 1399 283 si
1414 253 1504 284 modo
1527 253 1623 294 possis
1635 254 1654 285 ².
1681 254 1742 286 Sed

231 303 363 334 humani
383 312 472 335 casus
493 305 526 334 et
546 306 680 335 naturae
701 307 827 336 nostrae
847 306 984 337 conditio
1005 317 1066 338 non
1087 307 1180 339 facile
1200 311 1232 339 te
1253 308 1308 340 diu
1328 309 1431 341 sinent
1456 311 1565 342 mortis
1585 312 1742 344 immemo-

232 369 299 390 rem
321 369 396 391 esse.
418 359 500 390 Nam
513 370 597 400 quae
610 361 730 399 domus,
752 362 836 402 quod
851 365 980 400 tectum,
1001 364 1071 403 quis
1086 364 1222 405 denique
1244 366 1329 397 locus
1350 366 1405 397 diu
1422 366 1532 399 funere
1552 369 1662 400 vacat?
1683 369 1744 401 Hic

230 417 339 448 morbo
358 417 457 448 victus
477 417 568 457 perit,
598 418 652 449 ille
672 419 756 450 senie
771 420 791 456 ³,
823 430 905 459 quae
927 423 959 451 et
979 421 1047 460 ipsa
1068 422 1195 454 morbus
1215 425 1271 460 est,
1303 426 1340 454 ut
1370 423 1424 454 ille
1445 424 1500 462 ait,
1525 425 1742 466 extinguitur;

229 474 312 505 alter
332 474 436 514 gladio
456 477 512 506 aut
533 475 563 506 vi
583 476 722 515 quadam
742 477 874 517 rapitur.
898 478 950 508 Ita
970 478 1056 509 mille
1077 481 1152 510 sunt
1172 480 1326 511 moriendi
1353 480 1431 512 viae.
1453 505 1460 512 .
1476 506 1482 512 .
1499 507 1505 512 .
1526 505 1532 512 .
1551 482 1661 522 Igitur,
1681 483 1742 514 nisi

229 531 324 571 plane
344 530 460 571 lapidei
482 531 492 548 ⁴
513 542 631 571 sumus,
666 543 765 573 quum
784 535 994 566 necessarium
1026 537 1168 567 nostrum
1189 537 1371 577 quempiam
1391 540 1449 569 aut
1476 541 1627 579 agnatum
1643 540 1654 556 ⁵
1684 541 1741 571 aut

229 588 365 620 amicum
386 588 560 621 sodalemve
582 593 640 622 aut
661 590 760 622 etiam
782 593 968 623 extraneum
989 592 1162 632 quemlibet
1182 593 1339 626 hominem
1355 594 1365 611 ⁶
1388 598 1393 605 ““
1406 619 1709 627 .......

934 901 1045 933 XXVI.

635 1011 813 1042 NICOLAO
833 1011 1054 1043 LEONARDO
1075 1011 1232 1044 PHISICO
1255 1012 1283 1044 S.
1305 1013 1341 1044 D.

225 1096 294 1132 (Br.
308 1105 339 1132 p.
353 1097 374 1124 2
387 1099 404 1125 t.
417 1106 426 1130 ;
439 1113 470 1117 —
489 1096 537 1124 Tr.
552 1097 568 1124 5
583 1105 611 1124 η.
626 1096 664 1124 12
675 1104 683 1129 ;
696 1112 727 1116 —
742 1095 814 1123 PM.
826 1104 848 1124 c.
862 1096 900 1123 58
911 1105 920 1129 ;
932 1112 963 1115 -
974 1096 1037 1124 ΡΡ.
1052 1105 1079 1123 η.
1094 1098 1150 1124 104
1161 1106 1170 1130 ,·
1182 1112 1213 1115 —
1226 1097 1260 1125 ecl
1271 1097 1314 1125 M.
1328 1097 1364 1125 R.
1379 1098 1405 1126 Ι.
1421 1098 1450 1127 S.
1465 1100 1483 1126 t.
1498 1098 1587 1133 XVI,
1601 1100 1654 1128 col.
1667 1099 1742 1136 234)

307 1185 464 1222 Dolorem,
486 1195 580 1224 quem
601 1184 640 1214 de
661 1186 736 1215 tuae
756 1183 866 1214 matris
887 1183 985 1221 obitu,
1007 1194 1108 1223 nuper
1129 1184 1194 1215 vita
1209 1184 1385 1224 defunctae,
1407 1187 1570 1226 suscepisti
1583 1187 1603 1224 ⁷,
1625 1197 1663 1218 ex
1677 1188 1742 1228 pie-

226 1245 304 1280 tate,
324 1253 420 1282 quam
441 1252 515 1281 erga
535 1251 637 1272 meam
659 1243 792 1272 matrem
813 1241 968 1272 viventem
989 1241 1100 1278 habeo,
1121 1251 1246 1273 mensus
1267 1252 1346 1280 sum,
1368 1243 1554 1282 praesertim
1575 1254 1674 1283 quum
1687 1244 1741 1276 sci-

226 1311 302 1338 rem,
324 1300 497 1331 humanum
518 1298 678 1339 ingenium
693 1300 785 1329 tuum
805 1307 926 1329 summa
941 1308 1063 1338 semper
1082 1298 1170 1329 illam
1184 1299 1194 1315 8
1216 1300 1416 1331 veneratione
1431 1299 1571 1338 coluisse,
1585 1304 1654 1341 post
1664 1312 1738 1333 vero

226 1358 348 1390 obitum
368 1357 467 1397 patris
488 1365 578 1387 omne
600 1355 741 1387 studium
761 1365 948 1395 omnemque
969 1356 1056 1387 illam
1072 1356 1278 1397 diligentiam,
1300 1367 1397 1397 quam
1410 1357 1421 1374 ⁹
1442 1358 1476 1388 in
1491 1361 1665 1399 utrumque
1686 1369 1739 1398 pa-

227 1418 350 1446 rentem
371 1416 532 1454 praestare
553 1412 626 1444 olim
647 1422 860 1450 consueveras,
882 1413 915 1443 111
936 1423 1031 1444 unam
1053 1415 1187 1445 matrem
1208 1414 1408 1454 superstitem
1429 1415 1604 1447 contulisse.
1627 1416 1739 1456 Itaque

225 1484 324 1514 quum
345 1472 448 1504 nullas
465 1472 532 1511 jam
553 1471 607 1502 diu
628 1470 736 1501 literas
758 1471 940 1510 acceperim,
962 1470 1110 1507 mirabar,
1132 1471 1283 1511 quidnam
1304 1472 1445 1504 subesset
1476 1483 1599 1511 causae,
1618 1483 1676 1505 nec
1696 1474 1736 1506 ab

225 1541 260 1562 re
274 1531 296 1548 ¹¹³
310 1533 415 1561 tamen
431 1529 584 1569 putabam
601 1538 667 1559 esse
682 1527 766 1568 quod
781 1538 843 1559 non
861 1528 1022 1566 scriberes,
1037 1539 1135 1568 quum
1150 1538 1265 1559 munus
1277 1529 1309 1559 id
1324 1532 1418 1561 antea
1433 1540 1495 1562 non
1508 1531 1527 1547 ¹¹
1543 1530 1635 1562 facile
1650 1541 1738 1571 prae-

226 1588 403 1620 termittere
426 1586 550 1619 soleres.
573 1585 685 1626 Neque
707 1585 789 1616 enim
804 1585 887 1616 hanc
901 1587 989 1617 tuam
1010 1586 1223 1618 calamitatem
1247 1589 1321 1618 ante
1340 1587 1536 1627 resciveram,
1551 1598 1615 1628 qua
1630 1588 1652 1606 ¹²
1672 1589 1738 1628 qui-

225 1646 297 1677 dem
316 1645 405 1676 doleo
437 1644 476 1675 ob
498 1642 728 1683 aegritudinem
760 1642 857 1673 animi
876 1642 935 1679 tui,
966 1645 1034 1674 tum
1050 1643 1071 1660 1³
1093 1644 1132 1675 ob
1154 1643 1292 1675 familiae
1317 1644 1612 1676 incommoditatem.
1636 1644 1737 1683 Quam

224 1703 281 1734 illa
301 1702 435 1734 curabat
457 1699 627 1737 commode,
645 1702 676 1730 et
698 1710 774 1731 cura
794 1701 826 1731 te
840 1699 978 1739 plurima
992 1699 1126 1732 levabat.
1149 1700 1209 1732 Sed
1223 1701 1418 1733 incommoda
1438 1701 1509 1733 scio.
1530 1702 1561 1733 Si
1583 1702 1660 1743 quid
1672 1705 1703 1734 te
1716 1703 1737 1720 ¹⁴¹

223 1761 305 1797 novi,
324 1759 452 1791 tametsi
472 1758 535 1788 sint
556 1758 673 1798 gravia,
695 1756 923 1796 equanimitate
943 1758 1164 1797 compensabis.
1198 1758 1267 1790 Tua
1288 1768 1360 1790 vero
1381 1762 1466 1791 sorte
1486 1759 1626 1791 adducor
1641 1761 1671 1797 ¹⁵,
1699 1763 1736 1791 ut

221 1816 437 1849 vehementius
455 1825 550 1855 quam
571 1817 666 1846 antea
687 1813 859 1845 desiderem
881 1824 984 1845 meam
1005 1815 1120 1852 videre,
1142 1826 1225 1856 quae
1244 1816 1311 1847 sola
1340 1817 1407 1857 jam
1428 1816 1588 1856 decrepita
1609 1820 1665 1855 est,
1688 1827 1736 1848 ar-

223 1875 469 1914 dentissimeque
489 1872 595 1904 videre
616 1881 666 1902 me
687 1871 783 1911 cupit.
804 1870 868 1902 Scis
889 1871 972 1902 enim
994 1871 1186 1903 desiderium
1209 1883 1319 1905 senum
1353 1883 1419 1906 esse
1451 1874 1676 1914 propemodum
1696 1877 1734 1906 ut

224 1942 394 1973 puerorum
423 1933 479 1962 aut
499 1928 749 1969 praegnantium.
774 1928 823 1959 Ita
842 1927 1025 1960 afficiuntur
1045 1929 1263 1961 vehementer!
1295 1930 1398 1969 Quum
1419 1931 1566 1963 solatium
1587 1942 1649 1963 non
1669 1941 1736 1971 pos-

223 1991 282 2021 sim
296 1990 327 2026 ¹⁶,
348 1988 521 2029 passionem
552 1988 636 2018 certe
658 1985 773 2017 nollem
802 1985 830 2016 ei
851 1984 972 2017 afferre.
996 1986 1108 2027 Itaque
1130 1991 1261 2028 expecto
1292 1989 1483 2020 occasionem
1503 1988 1645 2028 aliquam
1664 1988 1735 2020 dari

223 2047 311 2084 mihi,
332 2045 416 2078 unde
436 2044 621 2077 facultatem
641 2043 801 2075 obtineam
822 2053 857 2074 6ο
879 2043 1071 2075 convolandi.
1095 2044 1163 2082 9110
1183 2045 1297 2076 itinere
1318 2048 1350 2076 te
1371 2045 1473 2085 ipsum
1494 2046 1615 2077 videbo.
1636 2045 1726 2077 Vale.

233 2142 242 2159 ¹
264 2140 317 2168 ΡΡ.
336 2147 481 2174 nusquam
1008 2138 1019 2157 ‘³
1038 2138 1107 2166 Mur.
1129 2147 1239 2167 onmem
1257 2139 1338 2168 'illam
1356 2139 1537 2174 diliyentiam
1556 2147 1629 2174 quae

232 2186 244 2204 ⁹
267 2184 326 2213 PM.
340 2183 451 2219 possim
998 2184 1018 2200 ¹⁰
1038 2183 1085 2211 Ab
1103 2192 1143 2218 rc,
1161 2191 1243 2218 senza
1262 2184 1383 2220 ragione.

231 2232 241 2247 ³
263 2230 317 2257 ΡΡ.
337 2228 397 2255 PM.
418 2236 431 2254 6
451 2228 496 2255 Gr.
516 2227 594 2255 semo
998 2230 1017 2245 1¹
1040 2228 1092 2256 Nei
1112 2228 1216 2256 codici:
1236 2237 1300 2256 cum
1318 2228 1416 2257 minus
1434 2228 1472 2256 ad
1487 2251 1510 2257 ..
1527 2250 1531 2255 .
1552 2237 1585 2258 ea
1603 2237 1663 2257 non

232 2277 242 2293 4
263 2275 316 2302 ΡΡ.
339 2272 449 2309 lapides
996 2273 1017 2290 ¹2
1036 2272 1099 2300 Cosi
1118 2272 1189 2299 Mur.
1212 2272 1265 2300 Nei
1284 2272 1371 2300 codici
1390 2280 1478 2307 quam

233 2321 243 2339 5
264 2320 325 2347 ΡΜ.
341 2320 461 2354 ymnum
995 2317 1016 2333 ¹³
1035 2316 1088 2344 Nei
1108 2316 1195 2344 codici
1216 2318 1274 2344 tam

230 2367 241 2382 ⁶
260 2364 286 2392 Il
306 2364 378 2391 resto
398 2370 495 2389 manca
513 2361 543 2389 in
561 2360 628 2389 tutti
647 2360 656 2388 i
676 2360 762 2389 codici
778 2360 939 2389 conosciuti.
995 2359 1079 2387 ¹⁴¹Nei
1098 2359 1185 2388 codici
1202 2359 1236 2388 (Ze
1255 2361 1287 2387 tc.
1307 2360 1376 2388 Mur.
1397 2362 1422 2387 tc

229 2409 239 2428 ⁷
260 2408 330 2436 Mur.
350 2409 381 2435 tu
401 2406 540 2441 scripsisti
994 2406 1015 2423 ¹⁵
1034 2405 1097 2433 Cosi
1118 2404 1190 2432 Mur.
1210 2404 1226 2432 1
1244 2404 1332 2432 codici
1351 2404 1480 2433 adducar

230 2456 241 2471 ⁸
263 2453 318 2481 ΡΡ.
338 2454 419 2480 tirum
438 2451 518 2479 illam
537 2459 647 2486 semper
992 2450 1012 2466 ¹¹³
1032 2449 1085 2476 Nei
1103 2448 1188 2476 codici
1202 2456 1322 2484 possum
