1845 3076
755 173 893 197 EPISTOLE
1522 169 1580 200 199

726 285 892 317 CXXXIII.
916 287 922 303 ¹

344 383 389 414 IN
406 382 721 415 FOENERATORES
741 382 1006 415 FACETISSIMA
1026 383 1312 416 EXPROBRATIO

507 465 592 488 PETRI
613 465 701 488 PAULI
723 465 864 488 VERGEml
883 466 1141 490 JUSTINOPOLITANI

80 535 149 570 (Br.
163 543 194 569 p.
215 535 251 562 10
265 535 303 566 l.;
318 549 349 553 ——
364 533 435 561 PM.
453 542 475 560 c.
494 533 532 559 71
553 534 591 560 t.:
615 548 640 552 ›-
664 532 727 560 PP.
745 540 804 559 ozon
822 541 914 566 mmm
934 550 966 554 -
986 534 1021 561 ed
1032 533 1124 564 Μιιν..
1145 534 1180 562 R.
1199 534 1225 562 1.
1247 535 1277 564 S.
1298 538 1308 563 t
1338 536 1426 570 XVI,
1445 545 1467 564 c.
1485 537 1570 572 238.)

151 621 279 654 Bohemi
301 630 338 651 ac
359 619 477 657 Poloni,
498 620 722 660 proprietatem
743 620 893 651 sermonis
914 621 1044 651 eandem
1065 621 1194 659 habent,
1216 625 1272 654 aut
1292 627 1378 655 certe
1396 634 1508 664 parum
1523 625 1581 656 dif-

72 680 198 716 ferunt;
229 678 368 710 moribus
398 687 522 717 quoque
544 679 576 708 et
594 677 727 717 ingenio,
748 679 821 708 sunt
841 687 938 718 prope
959 677 1085 709 modum
1105 679 1230 716 similes,
1251 680 1310 711 nisi
1341 681 1424 721 quod
1451 682 1580 714 Bohemi

70 735 245 768 callidiores
266 735 434 772 habentur,
456 734 627 774 alienisque
648 734 744 765 rebus
764 734 862 774 magis
883 734 1026 772 inhiant;
1047 735 1156 766 Poloni
1177 736 1374 768 rotundiores
1395 741 1468 769 sunt
1487 749 1580 770 sensu

71 793 125 824 sed
146 791 261 824 affectu
282 791 432 823 iustiores.
454 791 524 822 Duo
544 791 650 832 igitur,
667 791 748 822 alter
767 791 902 823 Polonus
922 791 1003 823 alter
1023 792 1186 830 Bohemus,
1208 802 1245 824 ex
1267 794 1394 826 diversis
1413 795 1497 833 locis,
1518 806 1581 827 uno

69 852 176 882 tamen
196 849 363 889 proposito,
384 849 445 880 iter
465 848 632 888 arripiunt,
661 851 695 879 ut
726 848 867 888 angustis
892 848 984 879 rebus
1007 849 1070 880 suis
1091 852 1215 881 mutata
1235 851 1308 882 sede
1329 852 1512 890 consulant;
1534 856 1582 884 est

70 908 154 939 enim
175 906 373 948 proverbium
393 906 443 937 his
464 906 517 946 qui
540 915 652 945 parum
672 915 820 945 prospere
838 906 932 937 vitam
948 906 1077 947 degunt,
1092 908 1266 939 mutatione
1279 908 1337 939 loci
1352 909 1450 940 solere
1464 910 1582 941 mutari

71 965 248 997 fortunam:
273 966 370 1003 atque
392 963 606 994 existimantes
627 963 850 1003 insignioribus
872 963 945 994 locis
966 967 1065 995 sortes
1086 974 1151 996 esse
1174 965 1361 1005 pinguiores,
1382 967 1415 997 in
1436 967 1582 1007 Pragien-

69 1032 135 1054 sem
158 1021 284 1058 Urbem,
306 1021 516 1052 Bohemorum
536 1030 619 1060 quae
639 1021 727 1060 regni
749 1023 845 1060 caput
860 1024 915 1057 est,
931 1024 966 1052 ut
980 1022 1161 1061 opulentam
1177 1033 1242 1054 esse
1257 1027 1454 1061 censuerunt,
1468 1025 1581 1056 itinere

69 1089 132 1111 non
152 1078 320 1110 admodum
341 1078 433 1118 longo
454 1078 636 1117 pergebant,
658 1088 734 1117 quos
756 1088 812 1118 ego
834 1081 904 1117 post
927 1089 1022 1118 quam
1044 1080 1074 1109 in
1107 1090 1164 1110 sua
1185 1080 1346 1111 voluntate
1378 1081 1580 1118 constituero,

70 1137 228 1177 proposito
249 1146 317 1167 11100
338 1135 417 1166 1111111
441 1135 695 1175 repugnaverint,
717 1135 756 1166 ad
778 1135 903 1166 Italiam
933 1147 1034 1176 usqne
1055 1137 1216 1168 deducam.
1249 1138 1383 1169 Polonus
1407 1138 1504 1177 igitur
1526 1139 1581 1179 qui

68 1196 145 1225 tunc
166 1193 301 1233 primum
325 1203 341 1224 e
362 1193 453 1224 domo
474 1194 585 1232 pedem
608 1192 768 1229 efferebat,
789 1193 828 1224 ob
850 1193 881 1223 id
903 1193 998 1224 etiam
1020 1194 1164 1234 ineptior,
1182 1194 1263 1234 quod
1280 1198 1426 1226 externas
1440 1196 1582 1235 regiones

70 1253 101 1282 et
122 1251 297 1282 alienarum
319 1251 458 1290 gentium
483 1260 583 1281 mores
604 1250 741 1281 nonduin
763 1250 894 1288 viderat,
916 1252 1020 1282 omnia
1034 1251 1093 1283 sibi
1109 1252 1185 1283 bene
1201 1255 1352 1284 eventura
1366 1253 1582 1293 promittebat,

70 1308 154 1339 inter
175 1318 226 1340 eos
246 1308 437 1348 praesertim
459 1308 513 1347 qui
535 1310 567 1338 et
587 1307 713 1347 linguae
734 1310 766 1338 et
787 1318 907 1339 morum
931 1312 1087 1340 consortes
1108 1312 1219 1347 essent,
1240 1320 1302 1341 non
1329 1313 1436 1341 tamen
1457 1320 1583 1350 prorsus

73 1366 199 1403 oblitus,
220 1365 303 1405 quod
325 1375 376 1396 eos
397 1365 519 1396 furaces
534 1374 599 1396 esse
614 1365 797 1405 frequenter
818 1366 971 1396 audierat.
995 1366 1148 1398 Bohemus
1173 1371 1300 1407 praeter
1319 1367 1351 1398 id
1373 1368 1456 1407 quod
1476 1368 1582 1408 generi

70 1423 141 1464 plus
173 1426 219 1454 est
246 1422 406 1458 acuminis,
437 1424 543 1453 aetate
577 1432 700 1462 quoque
732 1423 831 1453 maior
863 1426 933 1453 erat
954 1426 986 1454 et
1006 1433 1111 1454 rerum
1133 1424 1327 1464 experientia
1347 1425 1484 1462 doctior;
1510 1425 1593 1456 111110.

72 1483 179 1511 autem
200 1479 279 1510 nihil
300 1479 399 1519 magis
420 1482 497 1510 tunc
520 1481 589 1510 erat
610 1479 640 1509 in
663 1479 751 1516 votis,
773 1490 868 1519 quam
889 1480 994 1511 offerri
1016 1481 1075 1512 sibi
1095 1482 1274 1521 quempiam
1295 1482 1363 1513 viae
1389 1483 1582 1513 committem

69 1537 164 1578 paulo
185 1537 389 1573 hebetiorem,
412 1547 473 1576 quo
495 1547 565 1567 eum
586 1539 687 1576 posset
703 1537 825 1576 ingenio
841 1538 897 1574 uti,
913 1548 1021 1568 verum
1036 1538 1273 1578 locupletiorem
1288 1542 1337 1578 (ut
1351 1540 1474 1580 opinor)
1489 1541 1580 1581 depo-

68 1595 186 1632 scebat,
206 1604 302 1634 quam
323 1594 377 1634 qui
399 1594 522 1634 obtigit,
544 1594 599 1624 hos
618 1594 726 1633 itaque
747 1604 838 1625 casus
858 1594 890 1624 in
912 1594 961 1625 via
981 1595 1142 1626 coniunxit
1163 1596 1272 1626 eodem
1294 1596 1524 1635 proficiscentes
1550 1602 1583 1630 et

69 1653 204 1684 termino
224 1652 288 1682 iam
310 1651 600 1691 appropinquantes
621 1651 855 1691 communisque
877 1651 1002 1691 loquela
1022 1652 1104 1683 inter
1117 1652 1320 1684 salutandum
1342 1655 1474 1694 cognita,
1490 1656 1582 1688 facile

71 1719 122 1742 eos
141 1709 274 1740 invicem
295 1709 413 1739 arctius
434 1708 620 1745 conciliavit,
642 1711 678 1739 ut
699 1711 729 1739 et
751 1719 812 1748 quo
833 1709 1010 1746 tenderent,
1032 1712 1063 1740 et
1083 1710 1152 1741 viae
1173 1720 1308 1748 causam,
1331 1714 1363 1742 et
1384 1712 1459 1752 quid
1481 1714 1584 1745 subes-

70 1769 139 1798 sent
159 1766 225 1806 spei
246 1766 389 1806 protinus
409 1766 578 1805 aperirent.
599 1766 702 1805 Igitur
729 1769 760 1796 et
781 1766 901 1797 itineris
933 1766 1017 1806 quod
1046 1767 1196 1805 restabat,
1218 1771 1250 1799 et
1271 1768 1396 1809 hospitij
1419 1770 1582 1810 totiusque

71 1825 155 1856 vitae
175 1824 287 1855 ineunt
306 1823 496 1859 societatem,
517 1823 615 1853 donec
636 1826 754 1853 certam
777 1823 994 1863 placidamque
1016 1824 1121 1856 sedem
1137 1825 1331 1862 invenerint,
1354 1826 1437 1866 quod
1461 1830 1496 1858 ut
1521 1828 1582 1859 cito

70 1884 339 1922 consequerentur
359 1890 391 1911 se
411 1880 471 1911 sibi
491 1881 623 1911 invicem
646 1880 887 1920 cohoperaturos
907 1881 983 1912 data
1003 1881 1065 1912 fide
1086 1883 1295 1922 promittunt;
1317 1883 1479 1915 celeritate
1500 1886 1583 1916 enim

71 1950 150 1980 opus
171 1942 250 1977 erat,
273 1939 420 1979 quoniam
442 1939 568 1978 utrique
589 1939 691 1970 brevis
711 1939 853 1970 subierat
873 1949 991 1977 censuS,
1014 1942 1045 1970 et
1066 1940 1214 1971 viaticum
1235 1941 1318 1981 quod
1335 1941 1375 1971 ad
1389 1941 1454 1973 dies
1467 1952 1584 1982 paucos

70 1997 123 2028 vix
142 1998 337 2037 suppeteret,
358 1998 460 2027 vestes
481 2006 606 2036 quoque
625 1996 734 2036 quales
754 2006 883 2027 censum
904 1997 1067 2035 decebant,
1095 1998 1153 2028 nisi
1176 1998 1260 2038 quod
1282 1998 1398 2030 Polono
1424 2002 1584 2040 tegumen-

71 2057 139 2086 tum
161 2057 230 2085 erat
252 2054 364 2093 capitis
386 2064 446 2084 11011
468 2053 537 2090 vile,
567 2053 622 2085 sed
643 2055 726 2093 quod
747 2054 839 2085 facile
860 2058 964 2093 posset
985 2055 1118 2094 pecunia
1138 2057 1333 2093 commutari,
1347 2057 1402 2087 ubi
1418 2057 1584 2088 necessitas

70 2111 104 2142 id
125 2111 283 2152 exigeret:
307 2113 402 2151 atque
424 2111 463 2141 ad
487 2121 554 2142 eam
577 2111 745 2142 anchoram
762 2112 896 2151 plurima
912 2122 966 2151 spe
980 2112 1116 2143 Polonus
1131 2113 1272 2144 herebat.
1288 2113 1354 2145 Hoc
1368 2116 1474 2145 autem
1489 2114 1585 2145 Bohe-

70 2178 140 2200 mus
162 2171 193 2200 et
215 2168 316 2199 eundo
338 2171 370 2199 et
392 2168 624 2199 confabulando
646 2170 681 2199 ut
703 2172 781 2200 esset
803 2169 928 2209 elegans
949 2169 1172 2201 animadvertit
1192 2171 1300 2201 statim
1320 2171 1400 2202 illud
1415 2172 1477 2202 suis
1493 2172 1584 2203 ratio-

71 2226 166 2258 nibus
186 2225 329 2265 ascripsit
345 2226 399 2265 qui
416 2225 464 2256 vel
478 2226 544 2265 ipso
566 2235 689 2265 quoque
710 2226 810 2266 primo
831 2229 997 2266 conspectu
1019 2237 1081 2258 11011
1108 2227 1187 2258 1111111
1212 2228 1378 2268 rapacibus
1405 2228 1502 2259 0011113
1522 2239 1586 2260 eor-

72 2285 203 2316 roserat.
223 2282 298 2315 Sero
319 2283 427 2323 itaque
450 2283 584 2323 Pragam
604 2283 830 2322 pervenientes,
851 2283 883 2314 in
906 2284 1037 2315 eandem
1057 2284 1223 2316 tabernam
1249 2285 1454 2324 pernoctandi
1482 2286 1585 2326 gratia

82 2404 91 2420 ¹
111 2402 152 2430 La
170 2404 298 2438 presente
317 2402 415 2430 let‘vra
434 2410 487 2430 non
508 2402 539 2430 fu
557 2402 693 2430 ritrovata
707 2402 782 2430 uella
793 2403 871 2437 serie,
885 2412 929 2431 ma
942 2403 1112 2431 sull’ultima
1127 2404 1230 2440 pag-ina
1246 2404 1289 2432 del
1307 2405 1358 2432 Ms.
1372 2405 1585 2440 appas-ecchiato

124 2454 173 2481 per
185 2445 213 2473 la
225 2447 342 2481 stampa,
356 2446 381 2474 la
402 2446 426 2473 si
441 2446 543 2474 ritrovo
556 2445 679 2473 indicat-a
691 2445 764 2474 colla
775 2447 843 2475 nota
858 2464 888 2467 —
903 2456 962 2475 non
980 2450 1111 2483 cort-etta,
1131 2448 1168 2475 (Ia
1182 2449 1336 2483 prendersess
1355 2449 1404 2477 dal
1423 2449 1583 2477 Mars-mori.

127 2506 159 2510 —-
179 2490 220 2518 La
239 2489 410 2518 indicazione
429 2499 443 2515 e
462 2490 579 2518 relativa
597 2492 663 2518 nota
682 2497 749 2518 sono
772 2491 844 2518 state.
868 2493 984 2526 segnate
1007 2501 1024 2519 a
1045 2491 1119 2527 lapis
1143 2492 1189 2520 dal
1213 2492 1369 2528 compianto
1393 2493 1463 2528 prof.
1490 2493 1585 2521 Combi

127 2534 210 2569 pochi
228 2533 320 2570 giomi
339 2534 428 2569 prima
447 2534 520 2562 della
539 2543 590 2562 sua
609 2536 703 2562 morte.

82 2578 136 2606 Nel
154 2578 228 2606 faria
247 2578 379 2614 ricopiare
398 2578 444 2606 dal
463 2579 596 2606 Muratori
615 2581 629 2605 ὸ
649 2580 724 2606 stato
744 2581 840 2607 tenuto
859 2582 941 2608 conto
960 2580 987 2607 di
1008 2580 1106 2608 aleune
1124 2582 1210 2616 poche
1230 2581 1353 2610 varianti
1373 2582 1399 2609 di
1419 2582 1469 2610 due
1489 2581 1585 2609 (jodici

127 2621 256 2651 esistenti
274 2622 330 2651 alla
351 2622 503 2651 Marciana.
