1845 3076
243 157 298 187 130
870 165 896 188 P.
918 165 942 188 P.
964 165 1112 188 OERGERIO

238 248 364 288 quidem
387 247 516 279 ambitio
541 250 719 279 exterorum
746 259 808 280 non
834 249 982 286 admittit,
1011 248 1143 279 alteram
1159 249 1167 265 ¹
1196 259 1267 280 vero
1295 250 1438 289 regionis,
1467 253 1503 281 ut
1530 251 1575 281 ita
1602 251 1743 290 dixerim,

236 305 337 336 fatum
353 306 363 321 ²
388 304 476 336 nobis
503 304 646 345 denegat,
674 315 846 345 numquam
867 305 1005 345 profecto
1027 306 1155 336 fuerant
1175 306 1281 345 probis
1308 306 1382 337 viriS
1411 309 1466 338 aut
1487 307 1597 338 futura
1624 309 1740 339 erunt³

236 362 335 402 magis
357 361 460 392 felicia
480 364 630 401 tempora.
652 362 712 392 Hic
731 362 813 393 enim
835 373 932 402 quum
952 372 984 393 se
1005 362 1146 393 omnibus
1167 363 1284 402 supra⁴
1305 363 1478 394 humanum
1505 364 1631 395 modum
1659 365 1744 396 beni-

237 429 332 459 gnum
353 419 508 456 exhibeat,
529 419 562 449 in
583 429 632 450 eos
653 421 769 458 tamen,
791 419 845 459 qui
866 419 992 457 virtute,
1014 419 1164 456 doctrina,
1188 422 1219 450 et
1239 420 1327 451 bonis
1347 421 1470 452 artibus
1490 421 1680 461 praecellere
1702 422 1744 452 vi-

235 476 360 513 dentur,
385 479 469 507 totus
495 475 675 513 effunditur,
702 476 847 516 omnique
868 476 937 508 illos
965 476 1191 514 benevolentia,
1218 480 1250 508 et
1272 477 1374 518 gratia
1401 477 1624 517 complectitur.
1657 478 1746 517 Quod

236 533 362 573 quidem
383 533 567 573 aequissimo
585 534 657 574 jure
677 533 780 564 facere
801 544 872 564 eum
893 536 1023 565 constat.
1045 534 1124 564 Eum
1137 534 1148 551 ⁵
1168 535 1251 565 enim
1272 545 1334 565 non
1361 535 1482 574 patriae
1503 535 1658 574 splendor,
1679 546 1742 566 non

237 590 383 621 nobilitas
402 591 531 630 generiS,
552 601 614 621 non
635 601 707 630 opes
728 594 904 630 parentum,
926 593 983 621 ant
1002 591 1155 630 propriae,
1177 591 1231 622 sed
1251 592 1349 622 virtus
1369 591 1444 629 sola,
1458 595 1490 622 et
1504 592 1623 623 clarum
1643 593 1745 632 probi-

238 647 313 678 tatis
325 658 438 678 nomen
451 648 491 678 ad
504 648 624 687 apicem
639 648 752 679 summi
774 647 974 688 pontificatus
989 648 1099 679 evexit.
1123 648 1287 689 Quumque
1303 648 1335 679 in
1349 658 1421 679 eum
1435 648 1568 688 gradum
1588 649 1744 680 adductus

237 706 286 744 sit,
307 708 342 737 ut
363 708 475 736 cuncta
495 705 577 736 infra
597 715 628 736 se
649 706 749 746 posita
769 705 881 741 videat,
909 716 965 736 nec
986 716 1111 745 sperare
1135 706 1202 746 jam
1223 706 1324 745 majus
1346 705 1517 746 quidquam
1545 706 1689 737 humanis
1709 706 1743 737 in

238 763 331 794 rebus
350 763 456 803 possit,
475 773 565 794 omne
586 766 692 794 tamen
713 763 926 803 hujuscemodi
946 762 1028 793 infra
1049 763 1196 793 meritum
1216 764 1283 803 ejus
1298 765 1353 800 est,
1376 773 1433 794 nec
1453 763 1600 794 accedere
1622 763 1743 803 aliquid

237 823 351 861 potest,
370 820 454 860 quod
468 823 577 851 tantae
597 820 729 851 hominis
743 820 851 850 virtuti
875 820 1003 859 dignum
1025 820 1199 860 praemium
1221 823 1382 860 praestare
1398 823 1492 859 queat
1504 821 1522 851 ⁶.
1546 821 1585 852 Et
1600 821 1746 860 quoniam

237 878 364 918 quidem
391 878 545 917 ingressus
572 887 640 908 sum
671 877 757 907 illam
784 877 950 917 attingere,
978 887 1105 918 pergam
1127 880 1159 908 et
1179 878 1217 908 de
1242 878 1378 908 moribus
1405 878 1471 918 ejus
1496 877 1743 917 quotidianaque

238 935 303 966 vita
322 935 434 971 dicere,
455 937 490 965 ut
511 944 604 974 quem
624 935 688 974 ipse
710 938 907 974 praesentem
927 934 1071 971 demiror,
1093 935 1147 964 alii
1169 945 1293 975 quoque
1315 935 1475 965 absentem
1496 934 1684 975 intelligant,
1699 938 1736 966 tu

236 1003 318 1029 vero,
338 993 432 1022 etiam
452 1002 501 1022 me
522 992 697 1022 testimonio
711 992 730 1028 ⁷,
752 992 919 1032 praedices,
943 1002 1035 1032 quem
1057 992 1152 1022 totius
1180 992 1262 1023 orbis
1290 992 1465 1023 testimonio
1494 991 1742 1032 praedicandum

235 1050 324 1081 nosti.
357 1050 403 1080 Ex
424 1060 459 1080 eo
479 1051 584 1080 autem
610 1049 693 1088 quod
721 1049 893 1089 subjiciam,
924 1049 1016 1089 hujus
1047 1049 1206 1089 ingenium
1234 1049 1327 1089 quale
1354 1050 1394 1081 sit
1420 1050 1594 1089 perspicere
1613 1049 1624 1065 ³
1650 1059 1747 1089 quam

235 1108 368 1138 maxime
388 1107 502 1138 licebit.
525 1107 670 1147 Dumque
691 1107 753 1138 duo
773 1107 835 1137 sive
857 1107 929 1138 bom'
950 1107 1007 1137 viri
1026 1107 1089 1138 sive
1112 1107 1237 1147 benigni
1259 1107 1355 1138 animi
1376 1107 1548 1138 certissima
1568 1109 1642 1137 sunt
1656 1117 1746 1147 argu-

236 1167 352 1201 menta,
372 1164 419 1195 his
442 1174 506 1195 sese
529 1164 681 1204 imprimis
703 1165 814 1195 asserit
841 1164 999 1195 delectari.
1023 1165 1092 1195 Duo
1120 1174 1256 1204 namque
1276 1164 1335 1195 sibi
1356 1166 1498 1203 tempora
1511 1164 1522 1180 ⁹
1543 1173 1607 1195 esse
1628 1164 1683 1201 ait,
1705 1163 1748 1194 31-

234 1225 338 1253 terum
360 1233 420 1262 quo
444 1222 566 1253 libellos
587 1222 759 1262 subsignat,
785 1222 817 1252 in
838 1222 952 1262 quibus
973 1222 1217 1262 supplicantium
1245 1232 1351 1262 preces
1371 1221 1580 1259 continentur,
1611 1221 1746 1252 alterum

236 1290 298 1320 quo
318 1281 349 1310 in
370 1280 495 1320 publico
516 1279 697 1311 concistorio
718 1279 801 1310 inter
818 1280 839 1296 ¹⁰
868 1279 1026 1319 litigantes
1046 1279 1195 1316 decernit,
1224 1282 1351 1319 praeter
1371 1279 1448 1310 haec
1468 1279 1547 1309 nihil
1574 1279 1690 1310 sentire
1712 1288 1745 1309 se

234 1337 325 1368 dulce
350 1338 383 1367 111
403 1338 486 1368 0111111
506 1338 567 1368 ista
587 1340 653 1368 tam
680 1336 830 1367 invidiosa
851 1347 907 1367 sua
928 1337 1054 1368 fortuna
1069 1338 1100 1368 ¹¹.
1124 1337 1300 1376 Utrumque
1327 1336 1464 1376 profecto
1485 1336 1653 1373 laudabile,
1679 1336 1742 1367 sive

236 1405 306 1426 cum
328 1395 360 1425 in
381 1395 480 1426 altero
498 1395 653 1436 justitiam
671 1395 692 1411 ¹²
713 1396 869 1426 ministrat
890 1395 953 1425 sive
975 1405 1045 1425 cum
1066 1395 1097 1425 in
1118 1395 1218 1426 altero
1239 1395 1382 1435 gratiam.
1405 1394 1545 1433 Quarum
1573 1398 1743 1435 utramque

237 1452 363 1493 quidem
381 1453 427 1483 ita
447 1453 607 1493 conjungit
627 1463 663 1483 ac
683 1455 849 1492 temperat,
878 1455 913 1483 ut
932 1452 1066 1483 alteram
1088 1451 1189 1483 altera
1216 1462 1278 1483 non
1299 1452 1450 1483 excludet.
1480 1453 1515 1483 Id
1536 1453 1620 1484 em'm
1648 1463 1744 1492 quam

235 1510 370 1541 maxime
391 1513 481 1541 curat
502 1510 677 1550 diligenter,
700 1520 739 1540 ne
761 1510 810 1540 0111
831 1509 985 1550 denegata
1001 1510 1126 1549 justitia
1148 1510 1244 1540 1101113
1273 1509 1445 1541 esorbitans
1473 1510 1575 1550 gratia
1596 1519 1740 1541 concessa

236 1568 379 1598 videatur
395 1568 423 1598 ¹¹¹.
448 1568 567 1607 injusta
581 1578 671 1598 nemo
691 1569 798 1607 petat;
816 1567 903 1607 justa
918 1567 997 1598 nulli
1018 1569 1174 1607 negentur
1189 1567 1225 1604 15;
1246 1568 1347 1607 gratia
1368 1578 1424 1607 pro
1445 1567 1660 1598 aestimatione
1682 1577 1743 1598 me-

236 1625 378 1661 ritorum,
405 1625 495 1656 venia
521 1635 578 1665 pro
597 1625 688 1656 modo
715 1624 820 1655 delicti
842 1626 874 1655 et
901 1624 1111 1664 poenitentiae
1138 1634 1284 1655 mensura
1309 1625 1506 1662 conceditur,
1537 1625 1640 1655 omnia
1669 1634 1740 1655 vero

236 1682 352 1713 munde
367 1692 403 1713 ac
418 1682 514 1713 libere
529 1684 560 1713 et
573 1682 638 1713 sine
661 1681 803 1713 mercede
817 1684 875 1712 aut
890 1682 955 1712 ulla
972 1682 992 1698 ¹⁶
1015 1681 1126 1712 illicita
1147 1677 1299 1721 pactione.
1322 1682 1471 1713 Sublatae
1486 1682 1569 1712 enim
1583 1684 1657 1712 sunt
1668 1681 1742 1712 illae

235 1739 430 1779 superiorum
450 1741 626 1779 temporum
647 1739 806 1776 tenebrae,
826 1750 898 1770 011111
919 1739 997 1769 nihil
1018 1742 1087 1770 erat
1106 1741 1171 1770 tam
1192 1742 1335 1770 sanctum
1356 1739 1440 1779 quod
1461 1749 1522 1770 non
1543 1738 1653 1771 venale
1674 1749 1742 1778 pro-

236 1800 414 1837 poneretur,
435 1807 491 1828 nec
511 1799 577 1827 tam
597 1796 776 1837 religiosum
796 1796 881 1836 quod
901 1807 962 1828 non
981 1797 1175 1827 interventus
1196 1796 1347 1836 pecuniae
1368 1796 1558 1836 profanaret.
1580 1796 1639 1827 Hic
1659 1796 1742 1827 enim

235 1854 322 1886 brevi
337 1865 434 1894 usque
457 1854 535 1885 adeo
550 1854 669 1885 curiam
690 1864 813 1885 omnem
834 1853 976 1885 sordibus
991 1853 1038 1884 his
1053 1853 1242 1892 emundavit,
1263 1856 1299 1884 ut
1313 1864 1375 1885 non
1388 1853 1478 1884 modo
1499 1864 1606 1885 rumor
1618 1853 1742 1885 sinister

234 1912 273 1943 de
294 1922 453 1952 quoquam
474 1911 632 1948 audiatur,
652 1911 706 1942 sed
727 1921 765 1942 ne
785 1911 918 1951 suspicio
939 1911 1066 1950 quidem
1089 1910 1155 1941 ulla
1177 1911 1320 1942 suboleat
1332 1911 1361 1941 ¹⁷.
1385 1911 1486 1951 Ipsius
1510 1921 1646 1950 namque
1667 1911 1744 1941 inte-

237 1969 344 2009 gritaS,
365 1979 446 2009 quae
466 1979 523 2009 per
543 1978 665 2000 omnem
692 1971 870 1999 anteactam
890 1968 986 1998 vitam
1007 1970 1052 1998 est
1073 1969 1207 2008 cognita,
1230 1971 1262 1999 et
1282 1978 1454 2008 poenarum
1474 1971 1584 2005 metus,
1611 1977 1689 2008 quas
1709 1967 1743 1998 in

236 2027 343 2058 noxios
363 2026 548 2067 infligendas
568 2026 747 2066 composuit,
768 2028 906 2056 caeteros
922 2025 962 2057 ab
977 2025 1085 2056 illicito
1106 2028 1242 2065 quaestu
1262 2025 1437 2065 compescit.
1456 2025 1578 2065 Itaque,
1603 2025 1687 2065 quod
1701 2024 1742 2055 ad

235 2084 353 2124 gratias
373 2084 497 2120 attinet,
518 2083 701 2123 complures,
722 2082 777 2123 qui
796 2083 829 2113 in
850 2083 984 2122 idipsum
1005 2082 1164 2113 constituti
1179 2085 1262 2121 sunt,
1283 2082 1423 2113 admittit
1443 2082 1484 2113 ad
1497 2081 1743 2122 supplicantium

236 2151 345 2182 preces
365 2140 574 2181 explicandas,
596 2150 658 2180 quo
680 2140 800 2172 facilior
814 2140 856 2172 sit
876 2140 979 2171 aditus
999 2140 1132 2177 libellis;
1155 2142 1186 2171 et
1199 2139 1224 2171 si
1240 2139 1316 2179 quid
1338 2139 1432 2171 etiam
1453 2139 1591 2171 dissonat
1604 2142 1661 2170 aut
1676 2139 1744 2180 juri

246 2255 251 2270 ¹
274 2252 329 2279 PP.
348 2251 440 2280 altera
1008 2253 1030 2270 ¹⁰
1049 2251 1095 2279 Gr.
1114 2259 1197 2279 senza
1215 2251 1291 2278 inter

246 2297 257 2315 2
276 2297 331 2324 PP.
351 2297 477 2332 fastum,
503 2295 549 2325 nei
568 2294 661 2331 codici,
686 2302 764 2324 meno
782 2294 859 2330 Reii,
877 2303 926 2330 per
944 2294 971 2323 lo
1008 2296 1026 2314 ¹¹
1049 2295 1112 2324 Scil.
1131 2296 1174 2323 ait

267 2341 314 2376 piu
334 2341 443 2374 frisium
462 2348 477 2369 o
495 2341 605 2374 filetum
1009 2341 1031 2358 ¹⁹
1050 2340 1106 2368 PP.
1124 2341 1223 2368 omette
1235 2339 1398 2374 justitiam.
1410 2362 1416 2369 .
1428 2362 1434 2368 .
1446 2361 1452 2367 .
1471 2339 1503 2366 in
1521 2338 1610 2367 altero

244 2385 255 2404 ³
273 2385 325 2413 Nei
345 2385 432 2413 codici
450 2386 535 2414 erant
1008 2385 1030 2403 ¹3
1049 2384 1104 2412 PP.
1123 2392 1198 2419 non,
1218 2384 1264 2412 Gr.
1283 2392 1319 2411 ne

243 2429 255 2449 ⁴
274 2430 328 2458 PP.
348 2438 361 2456 e
380 2429 445 2457 altri
461 2437 547 2464 super
1009 2429 1030 2448 ¹⁴
1048 2429 1103 2457 PP.
1122 2429 1292 2464 videantur,
1313 2429 1359 2457 Gr.
1372 2437 1428 2457 var.
1442 2428 1581 2456 mittatur.
1593 2427 1742 2460 —Quanto

244 2475 256 2494 5
274 2474 309 2502 In
328 2473 395 2502 tutti
413 2474 422 2501 i
441 2473 528 2502 codici
547 2475 592 2502 sta
610 2481 639 2501 se
1043 2482 1126 2509 segue
1145 2475 1159 2499 e
1177 2473 1246 2502 tolto
1266 2473 1311 2500 dal
1330 2473 1390 2501 PM.
1410 2481 1423 2500 e
1442 2472 1488 2500 Gr.

243 2518 256 2538 ⁶
275 2517 328 2552 Qui
347 2518 478 2547 finiscono
498 2519 507 2546 i
526 2518 612 2547 codici
631 2519 685 2547 PP.
704 2526 719 2547 e
737 2517 805 2546 Reff.
1006 2519 1027 2535 ¹²³
1046 2517 1082 2545 In
1101 2517 1191 2546 codice
1209 2519 1353 2553 neyantur

245 2562 255 2581 ⁷
274 2563 327 2590 Nei
344 2563 430 2591 codici
449 2571 527 2591 meno
547 2563 593 2591 Gr.
613 2563 804 2591 testimonium
1004 2563 1026 2581 *fi
1044 2562 1105 2590 PM.
1123 2562 1208 2590 nulla

244 2607 256 2626 ⁸
275 2608 329 2635 PP.
342 2608 507 2642 prospicere
1007 2606 1027 2625 ¹7
1047 2606 1182 2634 Subolere
1200 2606 1230 2634 in
1249 2614 1330 2635 senso
1349 2606 1377 2633 di
1395 2607 1463 2634 dare
1481 2605 1600 2641 qualche
1617 2605 1725 2634 indixio

245 2651 257 2670 ⁹
276 2652 321 2680 Gr.
341 2652 482 2687 aggiunge
502 2652 696 2686 acceptissima

1826 3022 1841 3076 ts...
