1845 3076
766 159 905 183 musi-omi
1537 150 1595 181 107

771 344 908 376 LXXIX.

378 450 852 483 ALDROVANDINO
892 450 959 482 DE
999 450 1301 482 FERRARIA

630 557 759 587 ΡΑῡι-ΑΕ,
780 558 850 580 NON.
873 557 943 586 0012,
965 549 1050 580 1395.

450 648 517 683 (Br.
532 657 563 683 p.
581 648 672 681 31τ.;
692 664 724 667 —
745 647 818 675 PM.
838 656 860 676 e.
879 648 916 675 95
931 649 968 681 t.;
989 663 1020 666 —
1041 647 1104 675 ΡΡ.
1124 656 1152 676 72.
1172 648 1229 683 41.)

163 750 252 782 Nihil
272 761 291 782 a
311 753 343 782 te
358 751 366 767 ¹
388 750 561 787 literarum,
589 752 794 790 posteaquam
814 749 887 780 hinc
914 748 1069 789 digressus
1091 758 1168 787 sum,
1196 748 1302 780 habui.
1331 748 1598 789 Occupationibus

83 809 215 840 fortasse
235 808 297 839 tuis
318 807 350 838 id
372 807 517 840 effectum
533 810 588 845 est,
603 807 728 847 quando
748 807 887 847 oportuit
900 807 920 844 ²,
942 807 1000 838 hoc
1019 809 1170 846 tempore,
1192 806 1237 837 rei
1257 806 1421 837 familiaris
1442 817 1533 838 curas
1556 808 1600 837 in—

83 866 214 897 tendere
229 865 250 903 ³‚
271 867 304 896 et
323 875 404 905 quae
425 865 510 897 dives
530 865 639 896 eduxit
660 867 830 896 autumnus
852 864 883 895 in
904 874 988 904 penu
1009 864 1159 895 conferre.
1187 863 1280 895 Nunc
1300 867 1336 894 ut
1357 864 1529 895 amicorum
1550 875 1597 895 re-

82 923 254 954 miniscaris
275 922 374 959 decet,
394 925 490 962 atque
510 922 634 954 litteras
655 922 782 953 crebras
802 924 834 953 et
855 922 972 953 multas
992 921 1055 952 des.
1077 921 1140 961 Ego
1160 920 1270 951 itidem
1291 921 1414 952 faciam.

159 980 205 1011 Ex
226 979 433 1011 Romandiola
453 979 553 1011 allata
568 982 641 1011 sunt
662 990 743 1020 quae
761 989 810 1010 me
831 979 1055 1016 contriverunt,
1070 997 1110 1001 —
1123 981 1231 1019 gentes
1251 979 1334 1009 uniri
1350 980 1370 1017 ⁴,
1392 979 1489 1011 duces
1511 989 1599 1010 exer-

77 1037 239 1077 citumque
259 1038 366 1077 parari
386 1037 419 1067 in
439 1037 590 1068 damnum
612 1047 649 1068 ae
667 1036 837 1077 perniciem
865 1041 1005 1068 nostram
1019 1037 1038 1067 ⁵.
1067 1036 1155 1067 Haec
1174 1046 1224 1067 me
1244 1046 1294 1067 res
1321 1046 1515 1076 magnopere
1536 1047 1599 1068 mo—

79 1094 184 1132 lestat,
205 1097 274 1126 tum
288 1094 299 1111 6
321 1097 352 1125 et
373 1094 462 1132 illud,
484 1095 567 1134 quod
581 1095 643 1125 vim
663 1094 807 1125 illaturos
828 1093 936 1125 dieunt
956 1094 1102 1134 Astoryio
1116 1094 1136 1125 ⁷.
1158 1092 1241 1131 Quos
1263 1094 1329 1133 ipse
1350 1094 1442 1125 facile
1460 1094 1596 1134 repellet

77 1162 169 1192 spero
190 1154 226 1182 ut
246 1152 464 1192 magnanimus
484 1152 530 1182 ita
551 1154 583 1183 et
603 1152 742 1191 prudens
761 1151 834 1183 dux.

153 1209 272 1240 Diebus
292 1209 340 1240 his
360 1209 394 1240 in
408 1209 564 1240 montanis
579 1209 632 1240 fui.
655 1209 703 1240 Ibi
721 1219 769 1240 me
784 1209 939 1240 oblectavi
960 1219 1031 1240 oum
1051 1209 1176 1240 domino
1197 1208 1366 1240 Eram-isco
1386 1211 1501 1246 nostro,
1519 1219 1594 1240 cum

77 1277 139 1307 quo
160 1267 207 1298 ita
226 1266 304 1297 alias
326 1267 501 1307 voluptates
522 1266 649 1306 sequuti
668 1276 784 1303 samue,
803 1268 839 1297 ut
860 1266 956 1298 libros
975 1277 1138 1306 nunquam
1159 1267 1384 1298 omitteremus.
1408 1266 1522 1297 Nullus
1536 1276 1594 1298 nos

72 1324 119 1355 rei
138 1324 279 1355 taedium
300 1326 356 1355 aut
378 1324 509 1355 satietas
529 1323 650 1354 habuit.
673 1323 704 1354 Si
724 1324 898 1355 venationis
917 1323 1076 1361 taedebat,
1097 1325 1130 1354 in
1150 1325 1307 1364 proximos
1326 1323 1414 1355 lacus
1435 1324 1590 1364 piscatum

72 1381 239 1413 abivimus.
259 1380 291 1412 Si
305 1384 336 1412 et
352 1381 410 1412 hoo
429 1391 554 1421 quoque
569 1381 644 1413 satis
665 1383 743 1419 erat,
764 1381 797 1411 in
817 1381 952 1421 aucupia
965 1381 976 1398 ⁸
996 1381 1225 1413 secedebamus.
1248 1381 1379 1421 Semper
1394 1384 1501 1413 tamen
1518 1392 1593 1422 quo-

73 1448 207 1479 cumque
221 1438 346 1475 iremns,
368 1438 469 1470 libelli
483 1441 575 1470 erant
588 1439 622 1469 in
636 1438 790 1469 manibus,
811 1438 851 1469 Et
860 1441 917 1469 aut
934 1438 1104 1476 Terentius,
1123 1438 1370 1479 jucundissimus
1391 1439 1516 1476 artifex,
1535 1442 1593 1470 aut

73 1495 196 1527 divinus
215 1497 304 1527 vates
332 1495 481 1536 Virgilius
500 1495 666 1535 legebatur
685 1495 815 1526 interea.
838 1495 931 1526 Domi
951 1505 1006 1526 nos
1030 1495 1142 1535 Cicero,
1157 1496 1355 1536 eloquentiae
1376 1498 1472 1536 atque
1493 1496 1585 1528 hone-

74 1553 164 1584 statis
190 1552 268 1590 fons,
297 1553 508 1592 aperiebatur.
537 1552 631 1583 Illum
658 1552 789 1593 regressi
816 1553 936 1593 magnis
964 1553 1127 1585 desideriis
1155 1553 1329 1590 affibamus,
1357 1556 1389 1584 et
1410 1554 1443 1584 in
1465 1553 1590 1593 longam

73 1613 199 1642 noctem
219 1610 425 1642 audiebamus
445 1610 568 1641 attenti.
590 1609 702 1650 Sicque
721 1609 787 1641 dies
808 1610 841 1640 hi
861 1610 949 1641 nobis
968 1610 1108 1641 traducti
1127 1614 1210 1642 sunt.
1233 1610 1324 1641 Nunc
1344 1610 1378 1641 in
1397 1610 1504 1642 studia
1521 1611 1590 1641 lite-

73 1676 192 1705 rarum,
207 1667 297 1708 quasi
318 1667 376 1699 hoo
392 1667 530 1708 digressu
540 1668 552 1684 ⁹
571 1667 748 1704 refocillati,
768 1676 823 1698 nos
838 1677 984 1707 paremus
1004 1670 1136 1707 oportet.
1157 1667 1195 1698 Id
1208 1678 1264 1708 ego
1280 1677 1364 1699 nunc
1380 1668 1475 1699 etiam
1489 1670 1586 1708 atque

76 1724 171 1756 etiam
192 1735 287 1756 conor
302 1725 333 1756 ¹⁰.
364 1725 421 1762 Tu,
442 1725 500 1756 etsi
526 1734 629 1764 neque
651 1724 730 1756 alios
751 1724 862 1756 doceas
876 1725 907 1762 ¹¹,
937 1735 1041 1765 neque
1060 1725 1127 1765 ipse
1147 1724 1267 1763 audias,
1294 1725 1327 1755 in
1347 1735 1534 1765 summaque
1557 1728 1590 1756 et

33 1801 36 1803 >
72 1791 178 1813 rerum
201 1784 233 1813 et
252 1782 378 1814 honoris
397 1782 486 1822 copia
507 1781 645 1818 verseris,
672 1784 780 1813 tamen
801 1782 980 1814 existimare
1000 1792 1063 1814 non
1083 1792 1207 1822 possum
1229 1783 1306 1822 quin
1322 1782 1344 1799 ¹2
1369 1782 1478 1813 sedulo
1499 1781 1543 1813 lib
1551 1783 1594 1812 ris

73 1838 250 1880 litterisque
269 1850 398 1880 operam
418 1839 480 1870 des.
503 1839 592 1878 Quod
606 1842 637 1870 te
651 1849 839 1880 magnopere
854 1842 889 1870 ut
911 1839 1008 1870 facias
1028 1842 1061 1871 et
1075 1839 1186 1870 hortor
1206 1842 1238 1870 et
1252 1850 1371 1871 moneo.
1393 1840 1503 1870 Patria
1520 1849 1592 1871 mea

75 1899 106 1928 et
121 1906 206 1928 nune
225 1907 350 1937 quoque
370 1899 456 1937 peste
472 1897 494 1914 ¹³
514 1896 640 1928 laborat
660 1896 761 1928 solita.
784 1896 924 1928 Venetiis
943 1897 1014 1937 plus
1027 1897 1119 1928 solito
1139 1896 1283 1928 invaluit.
1304 1897 1364 1928 Hic
1385 1897 1480 1928 etiam
1499 1897 1589 1936 signa.

74 1953 230 1994 quaedam
243 1954 428 1986 obtulerunt
441 1964 473 1985 se
487 1964 527 1985 se.
544 1954 607 1994 Ego
621 1954 722 1994 primo
736 1964 808 1985 vere
824 1954 957 1986 meditor
971 1954 1013 1985 ad
1026 1956 1059 1985 te
1072 1954 1128 1985 ire.
1144 1953 1252 1991 Valeo,
1269 1956 1300 1985 et
1315 1958 1352 1985 tu
1367 1964 1492 1994 quoque
1506 1953 1584 1985 vale.

90 2296 97 2313 ⁴
119 2295 172 2324 Nei
190 2295 277 2324 codici
295 2296 335 2324 ad
352 2297 378 2325 te
864 2296 873 2314 7
894 2295 948 2323 ΡΡ.
969 2296 1079 2324 illaturi
1099 2297 1135 2325 D.
1154 2297 1310 2333 Astoryi03
1329 2298 1416 2326 anche
1436 2297 1481 2326 ΒΓ.
1503 2297 1540 2325 ha
1560 2297 1592 2325 il-

87 2340 98 2358 2
115 2340 164 2368 Br.
182 2340 238 2368 ΡΡ.
257 2342 399 2376 oporteret
887 2340 980 2369 laturi

86 2384 97 2403 ³
116 2384 280 2421 Intendere,
300 2386 379 2413 usato
395 2387 453 2413 cosi
465 2384 526 2413 vale
540 2392 692 2413 accrescere
713 2384 811 2419 (Tacit.
861 2386 871 2404 ⁸
890 2385 1068 2421 Azccupium,
1088 2386 1279 2422 uccellagione

110 2429 185 2456 Anu.
197 2428 248 2462 IV,
261 2429 316 2464 26).
330 2429 495 2458 Potrebbero
508 2432 573 2464 pero
587 2428 707 2464 leggersi
726 2428 813 2456 anche
863 2429 874 2448 9
892 2430 948 2458 ΡΡ.
967 2439 1040 2465 quae
1060 2430 1112 2458 Ῐιοε
1131 2431 1252 2466 (Ῐὶῃνεεεὶ

111 2474 202 2508 (preso
227 2473 246 2500 1’
255 2474 402 2502 intendere
426 2473 455 2502 iu
479 2473 551 2502 altro
576 2481 657 2501 senso
680 2473 728 2508 piu
748 2481 815 2500 cou-
853 2476 876 2493 ¹0
897 2473 1006 2503 Conari
1026 2483 1105 2509 opus.
1123 2476 1229 2503 tentare
1248 2475 1426 2511 un'impresa

111 2518 218 2552 sueto):
237 2518 279 2546 rei
298 2518 442 2551 familiari
461 2525 548 2546 curas
568 2518 715 2545 intendere
854 2520 873 2536 ¹¹
895 2519 951 2546 ΡΡ.
971 2519 1032 2547 ΡΜ.
1053 2519 1155 2547 doeens

87 2561 98 2579 ⁴
117 2561 172 2589 ΡΡ.
191 2564 302 2597 eyem‘es
319 2563 403 2590 amici
423 2570 471 2597 per
486 2563 584 2598 §entes
605 2562 685 2590 uniri
852 2564 874 2581 ¹2
894 2563 948 2591 ΡΡ.
968 2571 1057 2598 quam
1076 2564 1122 2591 ΒΓ.
1142 2572 1181 2599 qn

91 2605 102 2624 ⁵
121 2606 175 2633 ΡΡ.
197 2606 354 2634 »ma-imam
372 2615 420 2641 per
437 2608 567 2635 nostram
855 2607 878 2626 ¹³
898 2607 958 2636 PM.
971 2610 1081 2642 pestem

88 2649 100 2669 ⁶
119 2650 175 2678 ΡΡ.
195 2651 336 2680 molestas.
361 2651 437 2679 Tic-m
